2311 2803
1059 90 1289 122 —20-

595 189 647 222 Sis
673 191 747 233 pius
770 192 942 234 inprimis!
971 192 1057 224 Nam
1082 205 1156 225 cum
1182 193 1350 224 vincamur
1374 191 1407 222 in
1434 190 1523 222 omni

595 245 743 287 Munere,
770 248 841 280 sola
866 248 943 280 deos
969 251 1091 292 aequat
1116 247 1290 281 clementia
1314 246 1419 279 nobis.

317 300 348 339 ὃ,
376 300 442 332 480
469 301 597 332 animas
625 301 666 332 ab
692 302 766 333 aliis
792 306 868 345 post
893 306 1031 335 mortem
1059 305 1098 335 ad
1125 304 1206 334 alios
1231 303 1371 334 transire
1396 301 1587 344 persuadet:

594 355 699 388 Juxta
727 356 1004 391 Rhadamanthus
1030 360 1109 402 agit.
1160 359 1240 391 Cum
1266 360 1360 401 gesta
1384 356 1518 399 superni

595 410 760 444 Curriculi
785 415 940 456 totosque
968 414 1024 446 diu
1051 414 1253 456 perspexerit
1278 415 1380 452 actus,

592 466 769 510 Exaequat
793 468 950 500 damnum
978 470 1105 501 meritis
1132 472 1163 500 et
1191 471 1281 500 muta
1306 468 1449 499 ferarum

595 520 693 565 Cogit
720 521 830 555 vincla
856 524 935 565 pati.
986 523 1204 556 Truculentos
1231 523 1352 566 ingerit
1379 522 1463 554 ursis

595 577 847 623 Praedonesque
874 580 970 623 lunis,
1023 579 1170 613 Fallaces
1197 580 1350 623 vulpibus
1375 578 1476 612 addit.

595 633 640 665 At
665 633 723 676 qui
748 634 875 667 desidia
900 645 1029 678 semper
1055 635 1196 679 vinoque
1221 637 1388 678 gravatus,

598 688 693 722 Hunc
719 690 787 723 suis
813 691 974 723 immundi
1003 693 1141 734 pingues
1167 691 1314 724 detrudit
1339 691 1371 723 in
1397 693 1496 722 artus,

595 743 659 782 Qui
684 745 772 776 iusto
799 746 873 787 plus
898 757 968 778 esse
993 746 1116 789 loquax
1142 757 1327 789 arcanaque
1352 746 1457 777 suevit

598 799 749 838 Prodere,
777 801 924 842 piscosas
950 802 1056 834 fertur
1082 802 1227 834 victurus
1255 802 1287 833 in
1314 802 1425 835 nudas,

595 852 641 886 Ut
669 854 806 887 nimiam
832 858 972 899 pensent
998 858 1131 888 aeterna
1157 856 1288 888 silentia
1315 867 1433 888 vocem.

594 908 683 947 Quos
710 910 767 942 ubi
793 922 851 953 per
877 911 984 942 varias
1010 912 1103 943 annis
1130 915 1179 943 ter
1206 911 1295 943 mille
1320 911 1443 953 figuras

594 964 677 1008 Egit
702 964 846 998 Lethaeo
874 969 1032 1008 purgatos
1060 966 1201 998 flumine.
1230 967 1359 998 landem

597 1019 725 1052 Rursus
751 1021 792 1052 ad
819 1021 983 1052 humanae
1008 1028 1139 1053 revocat
1166 1022 1343 1063 primordia
1369 1021 1503 1052 formae.

321 1072 349 1112 7,
379 1073 442 1107 162
470 1072 680 1107 Theodosius
706 1075 864 1108 decedens
890 1076 923 1109 in
947 1077 1081 1109 ‹leormn
1110 1088 1280 1110 numerum
1309 1078 1470 1109 refertur:

820 1131 888 1162 Nec
915 1133 1010 1173 plura
1038 1133 1175 1169 locutus,

596 1184 689 1218 Sicut
715 1189 794 1226 erat,
821 1186 949 1230 liquido
976 1186 1122 1231 signavit
1147 1187 1280 1220 tramite
1306 1187 1407 1219 nubes

597 1241 854 1284 ingrediturque
880 1243 1015 1285 globum
1044 1242 1140 1274 lunae
1166 1243 1342 1285 lumenque
1367 1243 1525 1285 relinquit

596 1296 744 1329 Arcados
770 1300 804 1328 et
832 1296 967 1329 Veneris
993 1297 1170 1329 clementes
1197 1297 1330 1329 advolat
1359 1308 1463 1330 aures.

598 1351 684 1383 Hinc
713 1351 836 1383 Phoebi
865 1363 1055 1393 permensus
1081 1352 1144 1383 iter
1170 1352 1404 1394 flammamque
1429 1355 1599 1384 nocentem

596 1404 732 1437 Gradivi
760 1405 993 1449 placidumque
1019 1406 1135 1438 Jovem
1160 1405 1254 1438 stetit
1279 1417 1352 1439 arce
1377 1418 1539 1449 suprema.

200 1463 233 1492 et
262 1460 312 1498 15,
341 1460 433 1492 253:

595 1514 638 1547 Et
663 1515 691 1546 si
718 1527 782 1548 non
808 1516 934 1558 cupidis
961 1528 1063 1548 essem
1091 1519 1288 1559 praeruptus
1313 1517 1354 1549 ab
1381 1517 1487 1549 astris.

321 1571 352 1608 5,
381 1570 447 1602 455
476 1569 604 1602 inferos
631 1570 773 1608 eosdem,
800 1582 883 1613 quos
910 1570 1077 1612 Vergilius
1102 1571 1211 1608 habet,
1238 1571 1292 1610 26,
1319 1572 1384 1604 249
1409 1572 1493 1604 idem
1519 1572 1557 1604 de
1584 1572 1764 1615 prodigiis:

596 1623 660 1656 Sed
686 1626 822 1667 gravius
849 1628 974 1657 mentes
1000 1638 1169 1658 caesorum
1196 1629 1327 1658 ostenta
1354 1627 1504 1668 luporum

594 1678 809 1711 ,Horrificantj
861 1679 934 1711 Duo
960 1680 1082 1722 quippe
1110 1681 1178 1722 lupi
1203 1681 1264 1712 sub
1290 1681 1447 1722 principis
1472 1693 1538 1720 ora,

596 1733 682 1766 Dum
709 1735 833 1776 campis
860 1738 989 1767 exercet
1015 1747 1125 1778 equos,
1153 1735 1314 1768 violenter
1338 1736 1445 1768 adorti

595 1789 727 1831 Agmen
755 1793 787 1821 et
812 1790 940 1832 excepti
967 1790 1042 1822 telis
1068 1791 1211 1823 immane
1236 1790 1344 1823 relatu

599 1844 789 1889 Prodigium
816 1847 1000 1889 miramque
1026 1851 1138 1879 notam
1165 1848 1287 1880 duxere
1312 1848 1426 1880 futuri.

595 1899 682 1931 Nam
710 1900 810 1932 simul
836 1900 981 1932 humano
1006 1902 1155 1944 geminas
1180 1902 1219 1933 de
1245 1912 1382 1943 corpore
1410 1903 1536 1944 palmas

596 1953 746 1998 Utraque
772 1956 927 1998 perfossis
953 1956 1061 1989 emisit
1088 1956 1196 1989 bellua
1221 1957 1328 1989 costis.

596 2009 657 2042 Illo
683 2010 776 2042 laeva
802 2014 956 2048 tremens,
983 2011 1044 2043 hoc
1071 2012 1214 2049 dextera,
1242 2014 1355 2044 ventre
1382 2013 1530 2045 latebant

595 2064 735 2097 intentis
761 2066 878 2097 ambae
904 2065 1019 2108 digitis
1045 2068 1077 2097 et
1102 2067 1264 2106 sangnine
1290 2066 1373 2099 vivo.

593 2120 740 2152 Scrutari
767 2120 794 2152 si
820 2132 897 2152 vera
924 2121 1013 2158 velis,
1042 2121 1111 2152 fera
1136 2121 1253 2153 nuntia
1281 2120 1396 2153 Martis

593 2176 661 2207 ()ra
685 2175 747 2206 sub
776 2175 919 2217 Augusti
945 2186 1097 2207 casurum
1125 2176 1268 2217 prodidit
1294 2175 1430 2209 hostem.

319 2231 409 2263 [dem
437 2232 476 2263 de
504 2230 728 2262 divinatione:

592 2284 655 2317 Per
679 2296 812 2317 somnos
839 2285 931 2322 mihi,
957 2288 1080 2325 sancte,
1115 2289 1217 2329 pater,
1244 2287 1309 2319 iam
1335 2298 1431 2330 saepe
1455 2287 1570 2320 futura

592 2340 790 2374 Panduntur
815 2342 1005 2384 multaeque
1030 2345 1154 2374 canunt
1179 2343 1350 2386 praesagia
1374 2346 1495 2382 noctes,

198 2401 232 2432 et
256 2398 311 2439 22,
338 2398 427 2431 216:

638 2453 814 2486 Ominibus
840 2457 979 2486 ventura
1005 2457 1123 2487 notant
1148 2459 1206 2487 aut
1232 2456 1311 2488 alite
1336 2459 1523 2489 monstrant

590 2507 661 2541 Aut
686 2508 830 2541 monitos
856 2511 946 2541 certa
971 2508 1153 2551 dignantur
1178 2510 1323 2554 imagine
1347 2522 1488 2551 somnos,
