2311 2803
1037 67 1265 99 ...10-

188 172 263 204 dam
288 170 407 202 desunt
431 168 634 202 testimonia.
683 167 871 212 Utriusque
896 169 1012 201 favore
1036 171 1070 201 et
1093 169 1220 212 gratia,
1246 170 1284 200 ut
1306 167 1377 210 ipse
1401 165 1535 204 fatetur,
1563 164 1737 207 provectus
1770 163 1804 195 et
1827 160 1899 195 sine
1922 160 2025 195 dubio
2049 159 2119 196 Sti-

187 224 330 264 lichoni,
355 223 413 268 qui
438 222 624 257 Claudiano
657 225 794 256 auctore
828 235 849 256 a
871 222 996 256 litteris
1020 234 1087 256 non
1112 223 1239 256 alienus
1263 223 1353 262 erat,
1386 222 1437 253 eet
1459 218 1718 252 commendatus.
1767 215 1857 250 Nam
1889 226 1974 260 gens
2000 216 2119 250 Anicia

185 280 227 313 iis
251 279 459 323 temporibus
486 279 587 322 longe
615 277 726 322 prima
749 281 832 319 erat,
859 279 914 312 vix
938 278 1197 323 imperatoribus
1220 277 1376 316 inferion
1409 275 1524 310 floruit
1553 273 1673 319 opibus
1696 275 1730 307 et
1754 271 1863 317 gloria
1886 271 2052 307 maiorum
2077 283 2119 306 ex

185 333 399 379 imperatoris
422 332 627 367 Diocletiani
664 335 777 367 aetate
810 344 917 378 usque
950 334 990 367 ad
1015 334 1146 378 imperii
1171 332 1315 367 Romani
1338 329 1549 366 occidentalis
1586 339 1747 363 occasum.
1794 328 1909 372 Atque
1933 326 2118 361 Probinum

189 393 223 423 et
247 389 424 433 Olybrium
451 390 541 432 ipsos
566 400 635 422 11011
659 400 782 432 parvae
806 391 1016 423 auctoritatis
1034 390 1137 423 fuisse
1162 390 1320 433 sequitur,
1345 387 1432 431 quod
1455 388 1571 419 senatu
1596 386 1739 428 petente,
1765 395 1867 427 quum
1893 382 2119 416 adulescentes

186 447 314 486 essent,
347 443 498 478 consules
523 454 590 477 una
615 445 696 477 sunt
719 442 808 478 lecti.
859 443 1007 485 Quorum
1032 444 1231 478 auctoritate
1255 443 1485 489 gravitateque
1511 440 1624 475 eodem
1648 450 1746 480 811110,
1772 450 1839 483 quo
1864 438 2053 478 advenerat,
2078 437 2120 471 ad

186 500 405 533 Stilichonem
441 499 604 532 deductus
628 501 679 532 est
695 525 704 539 ,
738 500 833 532 cuius
859 501 975 532 favore
1009 503 1043 533 et
1066 500 1230 542 praesidio
1265 510 1369 542 usque
1397 498 1437 531 ad
1461 498 1532 530 eius
1554 496 1727 530 interitum
1751 498 1801 529 est
1824 506 1913 528 usus.
1963 493 2118 537 Quinque

186 565 303 595 annos,
333 554 391 599 qui
415 553 653 598 sequebantur,
679 553 768 598 quod
793 554 939 598 spatium
964 554 1123 599 temporis
1147 553 1287 588 Stilicho
1319 564 1421 598 paene
1446 552 1639 586 continuum
1664 548 1845 583 Mediolani
1874 548 2036 594 degebat,
2074 547 2117 581 ab

186 622 224 644 eo
262 621 329 643 11011
363 609 553 643 discessisse
586 608 809 643 Claudianum
839 613 872 643 et
897 610 1063 644 consulari
1088 610 1279 644 Stilichonis
1311 621 1398 643 anno
1428 620 1501 642 cum
1535 619 1574 641 eo
1608 606 1747 641 Romam
1782 605 1905 639 redisse
1929 616 1970 638 ex
1994 604 2040 638 23
2063 604 2116 638 in·
2138 613 2145 619 ¹

185 665 303 710 primis
328 665 382 705 23,
408 663 453 699 20
479 657 640 708 apparet:

577 719 703 753 Noster
726 720 895 764 Scipiades
920 721 1073 760 Stilicho,
1099 732 1165 764 quo
1190 720 1335 754 concidit
1358 721 1442 754 alter

622 774 805 816 Hannibal,
831 775 970 820 antiquo
995 775 1124 809 saevior
1150 774 1346 808 Hannibale.

577 830 625 864 Te
650 830 734 864 mihi
760 834 837 874 post
860 831 981 875 quinos
1005 842 1176 871 annorum,
1204 830 1320 867 Roma.
1346 841 1497 863 recursus

624 885 783 919 Reddidit
808 888 842 919 et
866 886 952 918 votis
976 886 1074 919 iussit
1098 885 1211 918 adesse
1236 885 1315 918 81118.

303 940 522 975 Stilichonem
549 944 662 975 autem
680 940 823 975 Romam
848 942 986 982 venisse,
1013 943 1189 985 postquam
1214 940 1329 974 consul
1354 940 1462 973 factus
1484 942 1543 980 est,
1569 938 1770 973 carminibus
1784 939 1826 973 22
1852 941 1885 973 et
1901 938 1946 972 24
1962 937 2116 982 reperies,

187 999 221 1027 et
246 996 391 1038 priorem
416 994 614 1028 Stilichonis
639 996 849 1029 consulatum
875 996 978 1028 fuisse
1003 997 1058 1036 22,
1083 997 1149 1030 232
1175 997 1345 1029 docemur:

626 1049 869 1094 Tantum(que)
897 1061 974 1083 suos
998 1051 1119 1084 invidit
1142 1051 1312 1084 honores?

579 1106 729 1150 Augusti
755 1106 866 1149 potuit
890 1106 994 1139 soceri
1019 1109 1229 1139 contemnere
1254 1105 1379 1138 fasces:

577 1161 655 1194 Jam
680 1165 783 1205 negat
807 1164 841 1194 et
865 1173 996 1205 genero,

187 1220 221 1250 et
246 1216 301 1257 22,
327 1217 415 1250 244:

578 1272 646 1306 Cur
670 1272 818 1306 nondum
843 1272 968 1316 legitur
993 1272 1115 1306 fastis?
1141 1271 1207 1306 Cur
1232 1271 1356 1316 pagina
1380 1273 1511 1305 tantum

579 1327 697 1361 Nescit
722 1327 830 1360 adhuc
855 1339 984 1367 nomen,
1010 1328 1098 1371 quod
1123 1328 1188 1360 iam
1214 1338 1388 1360 numerare
1413 1327 1573 1360 decebat?

307 1384 443 1416 Annum
469 1384 666 1417 consulatus
692 1383 764 1416 Rel.
791 1384 870 1416 fasti
895 1383 1260 1426 quadringentesimum
1277 1383 1494 1416 constituunt.
1545 1382 1729 1416 Stilichone
1754 1386 1786 1417 et
1810 1383 1932 1417 Serena
1957 1396 2059 1418 uxore
2083 1388 2117 1418 et

189 1438 385 1473 clarissimis
411 1438 492 1472 viris
518 1438 636 1472 ceteris
661 1441 694 1472 et
710 1438 916 1482 principibus
935 1438 1123 1471 fautoribus
1141 1449 1175 1470 se
1193 1449 1288 1471 usum
1307 1449 1376 1471 esse
1401 1449 1522 1482 magna
1545 1448 1624 1471 voce
1656 1442 1754 1482 poeta
1777 1438 1956 1482 praedicat.
2005 1439 2116 1473 Docu-

188 1496 302 1527 mento
328 1496 408 1526 sunt
431 1506 506 1526 cum
535 1493 647 1537 plures
672 1494 737 1527 loci
763 1505 911 1536 operum,
938 1497 1009 1527 tum
1036 1494 1177 1536 epistola
1203 1494 1244 1526 ad
1269 1493 1426 1526 Serenam
1451 1493 1590 1536 scripta,
1624 1494 1712 1536 quod
1736 1505 1876 1537 sponsae
1900 1495 2013 1528 divitis
2037 1506 2117 1529 0011-

189 1548 335 1581 ciliatrix
361 1547 447 1587 fuit,
476 1548 638 1591 epistolae
662 1549 703 1581 ad
728 1548 920 1587 Probinum,
946 1548 988 1581 ad
1013 1547 1199 1590 Olybrium,
1224 1558 1365 1590 quorum
1392 1549 1586 1591 utrumque,
1613 1550 1650 1581 ut
1674 1548 1808 1589 scribat,
1832 1552 1954 1590 monet,
1980 1549 2021 1583 ad
2047 1549 2118 1583 Ha-

190 1602 356 1643 drianum,
383 1602 424 1635 ad
451 1601 673 1635 Gennadium.
722 1601 877 1635 Summae
902 1603 1015 1635 laudes
1049 1602 1236 1635 fautoribus
1262 1601 1476 1642 tribuuntur,
1506 1602 1657 1645 inprimis
1682 1602 1868 1636 Stilichoui.
1917 1603 2019 1638 Cuius
2045 1605 2119 1638 lau-

190 1658 290 1690 dandi
316 1657 580 1690 studiosissimus
613 1657 679 1690 fuit
713 1660 746 1689 et
770 1657 926 1690 virtutem
952 1657 1107 1690 laudibus
1131 1659 1324 1700 exaggerat.
1375 1657 1609 1690 Adulationem
1634 1660 1745 1691 tamen
1772 1659 1961 1701 vituperent
1985 1660 2026 1700 ii,
2059 1661 2117 1703 qui

190 1711 373 1745 adulationi
400 1723 466 1745 non
494 1711 694 1745 indulserint
709 1711 783 1755 ipsi.
816 1711 854 1746 In
872 1711 949 1745 aula
968 1712 1060 1756 regia
1077 1723 1208 1756 quoque
1225 1713 1393 1745 versatum
1418 1723 1487 1745 esse
1511 1714 1611 1756 atque
1625 1711 1775 1747 Honorio
1804 1713 1869 1757 ipsi
1895 1725 1929 1748 se
1953 1714 2117 1759 placuisse

190 1766 222 1806 6,
254 1767 295 1799 15
320 1769 582 1804 001111110ωο181;

580 1820 635 1854 Μο
660 1832 793 1865 quoque
818 1820 937 1854 Pieriis
962 1823 1128 1854 tentatum
1153 1821 1284 1864 saepius
1309 1821 1414 1855 antris

626 1877 739 1910 Audet
763 1888 886 1920 magna
910 1887 969 1909 suo
994 1876 1128 1909 mittere
1155 1876 1259 1909 Roma
1283 1878 1353 1910 deo.

580 1931 650 1964 Iam
677 1931 827 1964 dominas
852 1942 958 1971 aures,
983 1931 1049 1964 iam
1075 1931 1167 1973 regia
1191 1933 1278 1964 tecta
1302 1943 1475 1972 meremur,

627 1985 673 2018 Et
697 1986 809 2029 chelys
832 1986 988 2029 Augusto
1013 1986 1121 2018 iudice
1146 1989 1260 2018 nostra
1283 1989 1388 2020 sonat.

307 2040 436 2080 Quibus
471 2041 621 2073 versibus
647 2040 868 2073 Claudianum
901 2041 942 2073 ad
976 2040 1210 2083 imperatorem
1242 2041 1418 2075 deductum
1450 2045 1483 2075 et
1507 2043 1572 2075 iam
1597 2044 1773 2086 probatum
1799 2056 1888 2086 esse,
1922 2046 2119 2090 priusquam

189 2107 227 2128 eo
252 2096 379 2128 honore
405 2096 527 2139 dignus
555 2096 692 2127 habitus
716 2099 814 2135 esset,
839 2098 911 2127 toto
937 2095 1083 2127 carmine
1118 2095 1316 2127 illustratur.
1366 2095 1458 2134 Quod
1492 2108 1569 2129 vero
1599 2099 1677 2130 anni
1702 2099 1810 2140 spatio
1835 2100 1877 2132 ad
1902 2100 2014 2133 aulam
2038 2112 2117 2143 pro-

188 2153 302 2184 vectus
328 2153 387 2191 est,
414 2161 481 2184 non
508 2149 617 2183 solum
643 2150 857 2190 carminibus,
881 2150 936 2183 sed
962 2149 1061 2182 etiam
1089 2149 1258 2183 fautorum
1283 2151 1412 2195 gratiae
1428 2151 1551 2187 debuit.
1601 2151 1768 2197 Scriptum
1794 2154 1882 2188 enim
1905 2157 1956 2189 est
1981 2166 2115 2190 carmen

187 2218 240 2238 an.
266 2218 298 2249 p.
314 2205 391 2239 Chr.
411 2217 443 2238 n.
462 2204 553 2244 396„
580 2204 724 2237 Honorii
749 2205 841 2237 tertii
866 2205 1059 2237 consulatus
1083 2216 1180 2237 anno·
1230 2205 1324 2244 Quod
1342 2205 1506 2240 Gesnerus
1530 2219 1548 2240 e
1572 2208 1682 2241 verbis
1703 2210 1855 2249 „mittere
1878 2211 1997 2243 audet‘
2017 2210 2117 2244 Clau·

186 2261 287 2294 diano
311 2260 546 2294 consalutandi
570 2272 609 2293 ac
639 2259 833 2304 gratulandi
857 2271 977 2293 munus
1002 2271 1022 2291 a
1038 2261 1155 2292 senatu
1172 2260 1364 2293 mandatum
1379 2272 1447 2295 esse
1464 2261 1603 2306 colligit,
1631 2274 1695 2296 non
1714 2264 1895 2305 assentiar3
1921 2277 1998 2299 nam
2015 2265 2118 2300 verba
2137 2266 2139 2269 ’

188 2316 363 2356 „dominas
387 2315 623 2359 aures—chelys
649 2316 805 2358 Augusto
829 2315 937 2347 iudice
962 2317 1076 2347 nostra
1100 2317 1217 2347 sonat“
1252 2316 1386 2359 propria
1410 2316 1442 2349 vi
1468 2329 1636 2351 musarum
1660 2321 1766 2352 artem
1791 2320 1949 2360 indicant,
1979 2324 2013 2355 et
2036 2332 2117 2355 con-

185 2371 405 2404 salutationes
431 2371 474 2404 ab
504 2370 743 2405 illustrissimis
767 2370 920 2413 patribus
945 2369 1026 2413 ipsis
1050 2370 1254 2414 summisque
1278 2371 1530 2416 magistratibus
1554 2372 1688 2407 fiebant.
1737 2374 1788 2408 Eo
1811 2376 2050 2420 quinquennio,
2075 2388 2115 2411 ex

184 2438 273 2460 anno
298 2426 376 2460 395.
402 2438 508 2470 usque
533 2427 576 2460 ad
600 2438 726 2459 annum
751 2426 841 2465 400„
868 2425 1023 2468 plurima,
1050 2437 1134 2468 quae
1160 2429 1301 2466 exstant,
1328 2428 1475 2461 carmina
1492 2429 1633 2472 scripsit.
1682 2430 1769 2463 Nam
1787 2430 1877 2465 haud
1895 2431 2077 2466 difficulter
2101 2444 2119 2466 e

183 2482 310 2523 multis,
335 2494 402 2527 quo
419 2481 682 2526 unumquodque
699 2491 787 2514 anno
804 2481 849 2514 sit
865 2480 1001 2520 factum,
1020 2481 1172 2525 cognosci
1190 2482 1308 2524 potest,
1334 2482 1382 2515 ita
1398 2482 1473 2517 395.
1493 2484 1711 2528 panegyricus
1729 2485 1763 2518 111
1782 2484 1918 2520 Probini
1936 2489 1970 2521 et
1987 2486 2117 2533 Olybrii
