2311 2803
1027 87 1255 120 -17—

181 189 261 223 liam
287 186 441 228 venisset,
467 186 613 231 cogitare
644 197 711 220 non
739 189 871 231 cogunt.
923 187 1035 231 Atque
1057 188 1164 232 primo
1193 187 1332 222 Romam
1368 190 1512 223 adventu
1537 189 1767 223 nobillissimis
1798 190 1832 221 et
1866 187 2109 232 potentissimis

183 242 383 282 fautoribus,
408 242 553 284 Aniciis,
579 242 725 275 Probino
750 246 783 276 et
809 242 947 286 Olybrio
968 246 1002 276 et
1018 244 1110 276 brevi
1140 246 1215 286 post
1231 244 1413 278 Stilichone
1438 257 1475 278 ac
1492 245 1643 278 Honorio
1667 248 1718 278 est
1744 255 1825 277 usus
1847 243 2010 276 Hadriani
2026 254 2106 285 gra-

186 298 234 331 tia
257 308 420 341 nusquam
445 300 709 331 commemorata.
758 297 878 331 Omnia
902 310 936 331 se
961 298 1095 331 illorum
1120 299 1233 332 favore
1258 302 1468 333 consecutum
1494 311 1564 332 esse
1588 300 1643 340 40,
1661 299 1706 333 43
1732 302 1765 332 et
1789 299 1834 332 46
1861 297 2060 332 confitetur:

784 353 857 387 Tua
881 354 994 387 littera
1018 355 1112 388 nobis

563 410 608 443 Et
632 421 730 453 pecus
754 412 788 443 et
812 413 939 453 segetes
965 413 997 443 et
1022 411 1138 443 domus
1163 411 1273 453 ampla
1298 411 1371 450 fuit,

564 464 662 498 Texit
686 464 877 509 pauperiem
902 465 1044 498 nominis
1070 465 1189 498 umbra
1212 466 1272 507 tui,

180 524 214 556 et
240 520 294 559 42,
327 521 387 555 15:

564 577 819 621 Incipiens(que)
845 578 894 610 tui
918 589 938 610 a
962 577 1107 610 fascibus
1131 578 1243 610 omina
1268 578 1360 621 coepi

610 632 758 676 Fataque
783 632 908 666 debebo
932 634 1115 675 posteriora
1139 633 1199 665 tibi
1226 632 1411 675 (probino).

297 687 382 721 Tota
407 688 546 731 epistola
578 699 680 732 grave
712 688 836 721 malum
861 687 1078 732 exprimitur;
1111 688 1223 731 inopia
1248 700 1366 727 rerum,
1392 688 1551 721 solitudo.
1587 688 1769 721 amicorum
1797 686 1912 721 caedes
1941 689 1975 720 et
2003 686 2104 720 exilia

182 745 313 786 poetam
343 743 510 787 affligunt,
537 745 623 786 quod
648 744 761 777 videas
784 756 823 777 ex
848 743 902 783 39,
928 743 968 777 2:

567 797 689 831 Nullus
714 801 764 832 tot
788 798 863 832 finis
887 798 1055 831 lacrimis?

180 856 213 888 et
238 866 278 888 ex
301 854 365 888 23:

609 910 725 943 Gratia
750 910 906 949 diffluxit,
931 910 1081 952 sequitur
1107 909 1219 942 feralis
1244 911 1383 952 egestas,

567 964 724 997 Desolata
749 965 874 1005 domus,
900 964 983 997 caris
1008 964 1190 1007 spoliamur
1215 964 1338 996 amicis

567 1019 664 1052 Hunc
689 1021 854 1051 tormenta
877 1021 1006 1057 necant,
1031 1019 1085 1051 hic
1110 1019 1255 1061 undique
1279 1018 1424 1050 truditur
1448 1017 1550 1050 exsul.

566 1073 653 1112 Quid
677 1075 825 1116 superest
849 1073 1001 1106 damnis?
1043 1072 1132 1112 Quae
1157 1084 1254 1106 saeva
1278 1073 1423 1115 pericula
1448 1073 1605 1104 restant?

180 1132 213 1162 et
237 1141 277 1162 ex
309 1128 376 1163 32:

564 1184 663 1218 Livor
687 1186 720 1218 et
743 1184 874 1228 ingesto
898 1183 1047 1217 turbavit
1071 1183 1193 1227 gaudia
1218 1183 1317 1216 luctu.

565 1240 643 1273 Jam
667 1240 733 1272 iam
758 1239 928 1282 suppliciis
952 1239 1056 1272 fessos
1084 1239 1298 1281 humilesque,
1324 1249 1465 1270 serenus.

568 1296 723 1340 Respice!

290 1352 443 1395 Epistola
467 1353 653 1395 deprecatio
685 1355 736 1385 est
761 1354 897 1394 poetae,
928 1363 993 1395 qua
1027 1352 1129 1384 libere
1153 1363 1172 1383 a
1195 1363 1229 1383 se
1253 1351 1460 1383 Hadrianum
1492 1350 1618 1382 laesum
1650 1360 1720 1381 esse
1756 1349 1884 1381 fatetur
1911 1351 1945 1381 et
1970 1350 2101 1381 veniam

180 1410 279 1451 rogat
306 1406 364 1441 12:

566 1462 701 1495 Veniam
727 1463 896 1501 confessus
922 1463 1060 1495 crimina
1084 1474 1192 1505 poscO.

291 1516 353 1550 Sed
379 1529 444 1561 qua
470 1529 506 1551 re
535 1517 723 1550 Hadrianus
747 1518 791 1550 sit
814 1517 968 1557 offensus,
997 1529 1036 1549 ex
1061 1517 1200 1559 epistola
1225 1528 1289 1549 non
1317 1516 1413 1558 plane
1438 1515 1650 1559 intelligitur.
1700 1514 1912 1548 Carminibus
1939 1513 2102 1546 Hadriani

185 1574 267 1607 iram
292 1576 415 1606 motam
440 1584 509 1606 esse
533 1572 711 1606 verisimile
734 1576 793 1612 est,
819 1576 851 1606 et
876 1576 983 1606 exstat
1008 1573 1048 1605 de
1067 1572 1239 1604 Theodoro
1264 1573 1296 1604 et
1314 1571 1484 1603 Hadriano
1509 1571 1571 1603 hoc
1596 1571 1822 1613 epigramma:

563 1628 696 1661 Mallius
721 1628 872 1671 indulget
895 1639 1010 1659 somno
1036 1629 1211 1670 noctesque
1235 1626 1369 1669 diesque

609 1683 772 1716 Insomnis
797 1682 937 1715 Pharius
961 1693 1062 1722 sacra,
1089 1681 1230 1725 profana
1255 1681 1352 1723 rapit.

564 1737 726 1770 Omnibus
751 1737 822 1777 hoc,
846 1736 950 1770 Italae
974 1739 1101 1780 gentes,
1128 1735 1293 1779 exposcite
1320 1736 1412 1775 votis.

565 1792 699 1826 Mallius
723 1794 760 1825 ut
786 1792 913 1836 vigilet,
942 1791 1084 1825 dormiat
1107 1793 1145 1823 ut
1163 1790 1311 1831 Pharius,

181 1850 279 1893 quod,
309 1860 381 1881 cum
407 1848 573 1891 plerisque
596 1849 665 1880 irae
682 1860 780 1880 causa
806 1851 973 1889 appareat,
993 1848 1034 1879 ab
1052 1847 1189 1879 Heinsio
1215 1847 1380 1884 reiicitur;
1409 1848 1537 1879 namin
1555 1847 1832 1889 epigrammatum
1856 1858 1995 1878 numero
2011 1857 2102 1879 oom-

180 1904 290 1949 pluria
315 1903 455 1937 aliorum
481 1906 540 1936 aut
566 1902 819 1936 christianorum
845 1904 902 1936 aut
926 1901 1061 1935 alterius
1080 1901 1253 1935 Claudiani
1278 1903 1374 1940 sunt;
1402 1901 1511 1944 plures
1539 1903 1649 1935 autem
1672 1900 1873 1934 Claudianos
1898 1903 1996 1934 notos
2021 1911 2103 1939 esse,

182 1962 218 1992 ut
236 1959 480 2002 philosophum,
508 1961 545 1991 ut
569 1958 721 1990 comitem
748 1958 894 1996 orientis,
919 1958 981 1989 nisi
1007 1957 1102 1998 lapsu
1129 1957 1247 1989 calami
1273 1968 1391 1989 nomen
1417 1960 1467 1989 est
1492 1960 1668 1995 mutatum,
1699 1957 1773 1988 aliis
1798 1956 1878 1988 loeis
1904 1955 2102 1998 explicatur.

298 2013 348 2047 Ab
373 2013 448 2047 aliis
473 2013 572 2046 etiam
599 2024 718 2045 novam
748 2012 823 2045 odio
850 2011 1016 2044 flammam
1050 2011 1210 2044 adiectam
1237 2022 1305 2044 esse
1329 2011 1383 2050 39,
1411 2013 1432 2043 4
1457 2010 1666 2044 illustratur:

784 2067 969 2100 Tantumne
997 2067 1111 2100 licebit

565 2124 736 2157 Invidiae?
773 2123 917 2156 Tantum
943 2122 1100 2165 strepitus
1126 2123 1258 2156 valuere
1283 2123 1446 2167 maligni?

293 2182 444 2215 Timores
468 2192 531 2213 non
559 2190 660 2212 vanos
684 2179 785 2211 fuisse
810 2190 882 2211 cum
908 2181 979 2210 tota
1003 2178 1154 2219 epistola,
1180 2180 1251 2210 tum
1277 2189 1358 2210 vers.
1388 2179 1402 2210 1
1431 2178 1497 2210 und
1522 2178 1543 2210 2
1569 2180 1647 2210 sunt
1673 2177 1864 2210 testimonio

611 2233 724 2277 Usque
748 2234 871 2266 adeone
896 2235 971 2265 tuae
996 2232 1188 2275 producitur
1209 2233 1305 2265 irae?

567 2289 688 2322 Nullus
712 2291 763 2321 tot
786 2288 860 2320 finis
885 2288 1054 2320 lacrimis?

185 2350 218 2381 et
245 2348 307 2381 11:
333 2347 485 2381 Excessit
508 2346 573 2378 iam
599 2356 704 2388 poena
727 2343 868 2376 modum.
918 2342 1065 2375 Concede
1089 2343 1227 2375 iacenti!

183 2406 217 2438 et
242 2404 305 2437 25:
331 2402 429 2436 Hunc
452 2403 617 2435 tormenta
641 2402 777 2438 necant;
804 2399 857 2431 hic
887 2398 1031 2441 undique
1061 2397 1206 2429 truditur
1230 2397 1332 2429 exsul.

329 2458 414 2498 Quid
438 2459 588 2501 superest
612 2455 763 2488 damnis?
811 2453 901 2492 Quae
925 2464 1022 2485 saeva
1048 2452 1194 2496 pericula
1218 2453 1369 2485 restant?

186 2516 219 2547 et
243 2514 304 2548 45:
331 2513 421 2552 Quae
446 2525 504 2556 per
528 2515 561 2545 te
585 2511 710 2548 cecidit,
737 2510 807 2552 (per
831 2509 876 2551 te)
903 2508 1036 2540 fortuna
1063 2507 1264 2550 (resurgat)!
