2311 2803
1045 94 1270 127 -21-

196 193 282 226 idem
319 192 394 225 aliis
429 191 519 224 locis.
591 193 637 225 At
672 193 759 236 quod
803 193 1003 227 Claudianus
1039 194 1171 237 penitus
1206 198 1349 228 veterum
1386 196 1521 240 ingenio
1556 198 1590 229 et
1626 195 1800 229 sententiis
1834 195 1989 238 perfusus
2025 194 2127 232 canit,

196 250 394 293 argumento
418 248 617 293 gravissimo
641 260 710 282 esse
734 261 800 282 non
826 252 935 293 potest
958 250 1177 285 Claudianum
1210 252 1286 286 fidei
1319 252 1447 296 patriae
1472 252 1640 285 addictum
1674 254 1708 285 et
1732 263 1752 284 a
1776 250 1940 296 religione
1958 249 2125 283 Christia-

195 315 313 336 norum
339 303 483 336 alienum
509 305 621 344 fuisse,
647 316 748 349 quum
774 308 882 338 totum
907 307 1016 349 poesis
1045 308 1173 350 epicum
1198 319 1302 352 genus
1328 308 1404 339 fidei
1429 308 1586 351 antiquae
1619 307 1929 340 coniunctissimum
1965 306 2127 338 crevisset

195 371 233 391 ac
257 358 434 391 floruisset.
485 361 553 399 ,At
578 359 778 393 Claudianus
805 361 1068 395 Christianorum
1104 363 1180 396 fidei
1204 363 1330 395 illusit*
1346 389 1353 403 ,
1378 364 1467 396 dicat
1491 363 1575 407 quis.
1620 362 1666 396 Et
1690 362 1888 395 documento
1913 361 2124 404 epigramma

195 414 230 446 in
254 413 415 447 Jacobuni
443 415 641 457 magistrum
675 416 823 459 equitum
857 429 876 448 a
900 417 1067 450 nonnullis
1093 418 1253 458 habetur3
1290 419 1345 452 sed
1370 419 1519 462 spurium
1553 429 1624 451 esse
1650 418 1792 459 videtur,
1816 417 1878 449 etsi
1906 415 2063 449 Barthius
2090 418 2124 449 et

197 469 365 508 Heinsius,
391 470 453 502 viri
478 471 678 510 doctissimi,
705 473 885 514 genuinum
912 476 1041 515 putant.
1091 473 1178 506 Nam
1204 464 1312 507 cetera
1336 476 1596 518 epigrammata,
1623 485 1708 516 quae
1733 476 1877 505 mentem
1901 472 2121 504 christianam

195 524 334 567 spirant,
360 524 387 556 si
413 535 478 557 non
504 525 686 558 Claudiano
711 527 809 559 alteri
826 527 1030 567 tribuuntur,
1056 531 1091 561 at
1108 529 1220 572 spuria
1244 541 1263 561 a
1288 529 1367 561 viris
1392 528 1495 561 doctis
1520 530 1698 572 putantur;
1716 527 1750 559 in
1776 526 1827 559 his
1841 525 2000 558 Heinsius
2018 524 2121 558 Clau-

197 580 296 614 diano
323 592 361 615 ea
385 581 520 614 minime
546 581 720 616 tribuenda
745 595 813 616 esse
838 588 956 617 censet.
1005 585 1116 628 Atque
1143 585 1194 626 18,
1220 586 1286 619 312
1311 585 1555 628 superstitionis
1580 596 1678 618 omne
1701 595 1807 626 genus
1832 582 1979 616 ludibrio
2003 583 2082 616 dat:

582 637 692 681 Atque
717 638 804 671 inter
828 639 979 682 proprias
1005 640 1117 672 laudes
1145 641 1311 685 Aegyptia
1337 642 1438 674 iactat

579 693 713 726 Somnia
739 698 987 738 prostratosque
1011 697 1100 729 canit
1123 709 1158 729 se
1184 700 1258 730 vate
1288 701 1454 740 tyrannos.

580 747 712 782 Scilicet
736 749 770 781 in
795 749 895 782 dubio
920 751 1041 783 vindex
1066 751 1205 784 Bellona
1230 752 1393 795 pependit,

580 804 668 836 Dum
694 806 796 847 spado
822 805 966 838 Tiresias
991 810 1231 850 enervatusque
1256 807 1440 849 Melampus

580 858 703 902 Reptat
727 859 768 892 ab
794 862 942 893 extremo
967 861 1112 894 referens
1136 862 1270 895 oracula
1295 861 1385 894 Nilo.

310 914 395 947 Huic
420 915 491 947 loco
516 915 622 948 lucem
649 915 766 948 afferet
790 916 876 959 Aug.
904 916 943 948 de
968 917 1055 949 civit.
1083 917 1134 949 dei
1162 918 1202 956 V,
1227 918 1288 950 26:
1326 918 1385 950 Hic
1405 917 1641 959 (Theodosius,
1674 917 1732 960 qui
1761 916 1953 960 Augustino
1980 918 2117 947 auctore

195 970 302 1012 magis
326 970 450 1003 orando
475 982 576 1014 quam
603 970 751 1003 feriendo
778 971 953 1015 pugnavit)
982 972 1015 1004 in
1033 973 1196 1016 angustiis
1210 985 1363 1006 curarum
1386 984 1517 1005 suarum
1535 983 1600 1004 non
1626 975 1677 1005 est
1702 972 1815 1015 lapsus
1840 971 1879 1003 ad
1906 970 2118 1003 curiositates

195 1025 373 1069 sacrilegas
398 1028 499 1069 atque
524 1026 677 1065 illicitas,
713 1027 768 1059 sed
794 1027 834 1059 ad
858 1026 1020 1059 Joannem
1053 1028 1086 1059 in
1113 1028 1259 1070 Aegypti
1284 1038 1391 1059 eremo
1417 1027 1654 1065 constitutum,
1680 1037 1778 1069 quem
1802 1025 1854 1058 dei
1879 1036 2011 1057 servum
2037 1035 2118 1068 pro-

194 1080 353 1125 phetandi
377 1081 497 1125 spiritu
520 1082 707 1126 praeditum
733 1083 822 1116 fama
846 1083 1070 1116 crebrescente
1095 1083 1273 1122 didicerat,
1307 1082 1397 1115 misit
1426 1086 1524 1126 atque
1549 1082 1591 1115 ab
1616 1092 1654 1115 eo
1679 1081 1836 1115 nuntium
1862 1080 2022 1114 victoriae
2046 1092 2116 1114 cer-

193 1137 357 1169 tissimum
382 1138 517 1180 accepit.
569 1138 662 1176 Quod
689 1151 707 1170 a
734 1139 912 1171 Sozomeno
943 1139 1106 1181 copiosius
1131 1141 1286 1169 narratur
1312 1138 1340 1176 7,
1366 1138 1419 1170 22.

195 1191 249 1231 19,
274 1191 317 1225 37
343 1192 519 1236 praesagia
544 1192 740 1227 irridentur:

580 1247 684 1281 Miror
708 1260 775 1288 cur,
803 1250 876 1281 aliis
902 1250 958 1292 qni
983 1250 1125 1292 pandere
1151 1250 1220 1281 fata
1245 1249 1381 1286 solebaS,

626 1303 677 1336 Ad
704 1305 868 1347 propriam
895 1304 1031 1345 cladem,
1057 1316 1151 1337 caeca
1175 1303 1310 1348 Sibylla,
1337 1305 1451 1336 taces?

578 1358 653 1389 Jam
679 1358 741 1390 tibi
767 1359 858 1391 nulla
883 1360 972 1391 videt
998 1359 1101 1391 fallax
1126 1359 1288 1391 insomnia
1313 1358 1421 1396 Nilus,

580 1411 785 1456 Pervigilant
810 1416 900 1446 vates
925 1425 993 1454 nec,
1021 1413 1204 1446 miserande
1228 1413 1286 1453 tui,

191 1470 225 1499 et
249 1468 303 1506 26,
329 1468 417 1500 544;
795 1470 871 1501 Non
896 1471 1025 1501 somnia
1049 1470 1144 1501 nobis

577 1522 647 1556 Nec
672 1523 829 1562 volucres,
856 1524 911 1556 sed
937 1524 1026 1557 clara
1050 1523 1160 1566 palam
1191 1535 1253 1556 vox
1278 1522 1366 1555 edit-a
1390 1522 1464 1555 luco
1489 1524 1560 1554 est:

576 1577 706 1621 Rumpe
731 1589 853 1618 omnes,
880 1578 1021 1617 Alarice,
1048 1590 1165 1611 moras.
1217 1577 1288 1611 Hoc
1312 1577 1453 1620 impiger
1479 1588 1566 1609 anno

575 1632 717 1675 Alpibus
741 1633 859 1665 Italiae
882 1634 989 1675 ruptis
1013 1634 1201 1675 penetrabis
1226 1633 1265 1664 ad
1291 1632 1416 1664 urbem.

577 1686 649 1719 Huc
674 1687 738 1719 iter
762 1698 864 1730 usque
889 1688 997 1719 datur.
1048 1687 1127 1724 Quis
1152 1687 1217 1718 iarn
1244 1690 1319 1728 post
1343 1686 1424 1717 talia
1449 1686 1563 1727 segnis

575 1741 736 1785 Ambigat
760 1745 818 1774 aut
842 1742 934 1774 coelo
959 1742 1089 1774 dubitet
1114 1753 1228 1784 parere
1255 1740 1411 1772 vocanti?

575 1796 628 1829 Sic
652 1797 700 1829 ait
725 1797 943 1839 hortatusque
968 1808 1043 1828 suos
1069 1797 1222 1839 belloque
1246 1796 1384 1838 viaeque

576 1850 725 1884 Instruit.
775 1851 946 1884 Attollunt
970 1862 1072 1883 vanos
1097 1851 1231 1884 oracula
1257 1851 1373 1882 fastus.

576 1905 603 1937 O
628 1917 756 1949 semper
781 1906 883 1938 tacita
907 1908 1013 1938 sortes
1037 1906 1179 1949 ambage
1204 1906 1371 1948 malignae

576 1961 772 2004 Eventuque
797 1964 912 2004 patens
937 1963 970 1995 et
994 1962 1105 1995 nescia
1129 1961 1261 1994 vatibus
1286 1960 1365 2003 ipsis

576 2015 654 2048 Veri
679 2029 751 2049 sera
775 2017 872 2049 fides!
915 2016 1073 2060 Ligurum
1098 2017 1233 2060 regione
1258 2028 1411 2058 suprema

577 2071 731 2104 Pervenit
756 2072 795 2104 ad
821 2071 960 2103 fiuvium
987 2072 1077 2112 (miri
1102 2072 1322 2115 cognominis)
1346 2070 1482 2110 Urbem,

575 2126 687 2169 Atque
711 2126 780 2159 illic
804 2127 947 2159 domitus
972 2126 1027 2158 vix
1051 2126 1185 2158 tandem
1211 2127 1391 2169 interprete
1416 2137 1493 2158 casu

576 2181 726 2225 Agnovit
750 2181 859 2214 dubiis
884 2181 981 2214 illusa
1006 2181 1165 2213 vocabula
1190 2182 1278 2214 fatis.
1391 2180 1394 2182 ’

193 2241 247 2281 26,
272 2240 339 2273 226
363 2239 495 2272 oracula
521 2240 554 2270 et
578 2237 689 2269 omina
713 2237 832 2268 timore
856 2237 969 2279 genita
992 2239 1025 2268 et
1049 2247 1134 2268 vana
1151 2248 1221 2268 esse
1245 2236 1441 2268 confitetur:

623 2290 735 2335 thue
760 2294 809 2324 est
832 2291 1034 2336 ingenioque
1059 2291 1180 2335 loquax
1205 2295 1238 2325 et
1261 2292 1405 2335 plurima
1429 2291 1512 2335 fingi

579 2348 777 2381 permittens
803 2348 956 2390 credique
981 2347 1092 2388 timor,
1118 2351 1189 2381 tum
1215 2348 1342 2381 somnia
1367 2347 1469 2391 vulgo

577 2403 728 2444 Narrari,
754 2407 825 2436 tum
850 2405 1000 2436 monstra
1024 2403 1120 2436 deum
1146 2404 1359 2448 monitusque
1384 2403 1522 2436 sinistri.

578 2460 663 2499 Quid
688 2459 889 2492 meditentur
913 2470 999 2498 aveS,
1025 2460 1105 2502 quid
1129 2472 1203 2493 cum
1228 2460 1425 2493 mortalibus
1450 2459 1566 2492 aether

579 2513 751 2547 Fulmineo
776 2513 856 2546 velit
880 2513 958 2557 igne
983 2512 1085 2557 loqui,
1111 2514 1190 2557 quid
1215 2514 1359 2547 carmine
1383 2515 1499 2557 poscat
