2311 2803
1058 0 1262 32 —5-

196 95 347 141 proferre
379 98 521 139 possunt
555 97 620 131 nisi
657 109 776 132 nomen
803 97 999 133 Romanum.
1038 99 1100 145 Ex
1136 100 1269 134 nomine
1293 101 1418 135 scilicet
1456 101 1649 135 libertinum
1674 102 1805 144 patrem
1829 99 1936 133 conici
1960 99 2061 140 licet,
2096 99 2132 132 et

200 151 363 187 confluxit
385 150 623 186 Alexandriam
648 153 853 197 temporibus
877 153 1031 187 omnibus
1055 165 1152 188 omne
1176 165 1281 199 genus
1304 155 1486 194 hominum,
1511 156 1547 188 in
1571 155 1623 187 his
1647 156 1716 187 iam
1740 154 1893 187 Caesaris
1918 156 2030 187 aetate
2053 154 2128 197 ple-

200 209 297 251 rique
319 206 438 240 Italici.
487 207 535 240 At
559 206 696 241 Sidonio
708 208 914 252 Appolinare
930 212 1064 243 auctore
1088 210 1194 252 patris
1211 210 1414 243 domicilium
1432 210 1559 253 Canopi
1584 212 1666 250 erat,
1691 221 1759 243 non
1778 208 2015 249 Alexandriae,
2039 219 2129 253 quae

198 273 252 298 res
277 260 390 305 potius
413 260 605 307 indigenam
628 262 774 297 indicare
803 263 943 298 videtur.
993 263 1107 303 Quid?
1155 263 1228 298 Ubi.
1246 266 1411 298 terrarum
1445 265 1485 298 iis
1510 264 1717 308 temporibus
1741 264 1864 297 Latina
1896 263 2034 296 nomina
2057 273 2125 295 non

205 316 449 351 inveniuntur?
489 316 577 355 Quot
610 318 758 351 libertini
781 319 908 352 Latinis
941 320 1131 353 nominibus
1167 321 1268 353 etiam
1292 320 1443 353 barbaris
1477 319 1633 363 gentibus
1664 319 1735 353 nati
1760 321 1835 353 toto
1859 318 1933 352 orbi
1957 310 2126 352 terrarum

201 372 376 417 stipendiis
400 372 498 407 factis
521 373 762 409 consederant?
809 374 922 419 Atque
946 377 1053 419 poeta,
1078 375 1105 408 si
1138 386 1244 420 genus
1267 373 1454 409 Romanum
1473 373 1708 419 Romanosque
1730 375 1888 419 parentes
1911 373 2038 407 iactare
2062 383 2124 418 po-

201 427 338 469 tuisset,
363 427 452 461 haud
476 428 575 461 dubie
598 429 638 461 de
662 429 765 472 stirpe
794 441 861 463 non
885 430 1053 463 tacuisset.
1104 430 1221 473 Neque
1245 431 1354 475 minus
1378 430 1515 463 dubium
1550 432 1610 463 aut
1633 431 1674 463 ad
1698 429 1910 473 probandum
1935 431 2036 463 tenue
2060 431 2122 469 ent,

198 483 288 528 quod
313 482 477 518 Gesnerus
502 496 542 518 ex
566 484 620 525 39,
638 485 682 519 55
705 485 844 529 colligit,
870 484 1088 519 Claudianum
1107 484 1270 518 Hadriani
1294 485 1453 529 praefecti
1479 486 1647 530 praetorio
1671 485 1899 530 propinquum
1923 484 2051 519 fuisse:

582 539 693 573 Irruat
716 541 750 573 in
775 540 911 573 miseros
935 543 1079 585 cognata
1102 541 1252 583 potentia
1275 540 1379 574 cives!

314 594 401 629 Nam
428 596 563 629 verbum
582 599 765 640 „cognata‘
792 597 901 630 minus
926 597 966 630 de
991 596 1241 640 propinquitate
1264 599 1314 630 est
1339 596 1474 637 dictum,
1499 596 1556 630 sed
1580 598 1776 641 propterea,
1802 595 1892 641 quod
1916 594 2122 630 claudimus

201 652 236 684 et
252 649 443 684 Hadrianus
466 650 610 684 eiusdem
635 654 730 685 erant
753 651 893 696 patriae,
917 651 951 684 id
975 651 1064 695 quod
1089 651 1170 683 satis
1195 650 1336 684 dilucide
1360 663 1400 684 ex
1424 652 1544 684 ceteris
1561 652 1706 685 eiusdem
1724 652 1882 685 carminis
1907 651 1990 684 locis
2014 662 2121 693 appa-

200 708 260 747 ret,
285 706 437 749 inprimis
462 718 502 740 ex
525 707 579 749 39,
605 708 666 741 53:

579 761 711 796 Scilicet
734 762 882 806 insignes
908 763 947 796 de
972 773 1116 805 paupere
1140 764 1216 795 vate
1241 762 1444 805 triumphos!

194 819 229 851 et
252 828 292 850 ex
317 818 382 851 33:
579 817 657 851 Jam
682 818 747 850 iam
773 817 942 860 suppliciis
968 817 1073 850 fessos
1097 816 1316 860 humilesque,
1342 827 1486 855 serenus,

579 871 736 917 Respice!
763 871 848 913 Quid
874 874 970 906 tanta
994 872 1144 918 dignaris
1167 872 1256 906 mole
1279 871 1455 906 clientem?

577 928 616 961 In
641 928 797 961 brevibus
821 940 992 971 nunquam
1017 939 1088 961 sese
1112 927 1234 970 probat
1257 927 1382 960 Aeolus
1406 927 1520 966 antris,

577 982 649 1017 Nec
672 983 761 1027 capit
785 985 948 1028 angustus
973 983 1100 1016 Boreae
1124 982 1307 1016 certamina
1330 981 1435 1015 collis.

622 1038 726 1081 Alpes
749 1038 806 1071 ille
830 1039 950 1082 quatit,
976 1038 1172 1081 Rhodopeia
1196 1038 1341 1070 culmina
1365 1038 1475 1070 lassat.

576 1092 734 1127 Incubuit
757 1104 928 1137 nunquam
952 1093 1102 1126 coelestis
1125 1093 1260 1126 flamma
1284 1091 1418 1132 salictis,

578 1146 650 1180 Nec
675 1147 769 1191 parvi
793 1147 931 1180 frutices
954 1147 1039 1180 iram
1064 1158 1213 1181 meruere
1238 1146 1408 1180 Tonantis.

577 1201 733 1247 Ingentes
757 1214 907 1247 quercus,
934 1214 1075 1236 annosas
1100 1201 1258 1236 fulminat
1281 1213 1389 1236 ornos.

624 1258 698 1292 Hoc
721 1269 782 1302 pro
806 1258 1012 1302 supplicibus
1036 1258 1149 1298 ramis,
1174 1269 1235 1301 pro
1260 1257 1376 1290 fraude
1401 1257 1581 1295 Minervae,

536 1305 538 1307 ¹
578 1313 650 1347 Hoc
674 1325 806 1347 carmen
831 1325 892 1357 pro
916 1316 990 1347 ture
1014 1313 1141 1346 damus.

310 1370 421 1414 Atque
445 1369 584 1413 epistola
608 1369 697 1402 omni
722 1368 915 1402 Hadrianus
938 1368 989 1402 vir
1014 1368 1263 1411 potentissimus
1289 1366 1603 1411 nobillissimusque,
1628 1367 1725 1411 inops
1753 1370 1853 1411 poeta
1877 1367 2040 1411 pingitur,
2065 1366 2119 1400 cui

199 1425 299 1459 irasci
323 1424 529 1457 Hadrianum
553 1424 717 1463 dedeceat,
741 1424 894 1467 inprimis
918 1435 1002 1456 vers,
1027 1424 1066 1456 8:

622 1477 670 1512 Te
693 1480 803 1512 tamen
828 1478 918 1511 haud
942 1477 1051 1511 decuit
1075 1477 1210 1521 paribus
1234 1488 1427 1510 concurrere
1451 1476 1537 1511 telis.

577 1533 751 1566 Humanae
774 1544 911 1576 superos
935 1545 1106 1576 nunquam
1130 1533 1271 1575 tetigere
1294 1532 1457 1576 querelae,

577 1588 647 1623 Nec
672 1599 756 1634 vaga
779 1599 931 1622 securum
956 1589 1133 1632 penetrant
1157 1587 1305 1621 convicia
1329 1586 1467 1620 coelum.

315 1646 471 1678 Attamen
496 1645 634 1677 ironiam
659 1644 824 1687 quandam
848 1643 1212 1686 dissimulationemque
1237 1643 1400 1685 pellucere
1425 1654 1477 1675 me
1493 1653 1560 1675 non
1587 1642 1677 1686 fugit
1724 1642 1770 1675 Et
1787 1642 1842 1681 39,
1867 1643 1889 1675 4
1915 1641 2000 1675 illud
2031 1642 2119 1682 „Mi-

205 1713 314 1736 serere
337 1703 490 1735 tuorum“
517 1698 786 1738 familiaritatem,
812 1709 877 1731 non
902 1698 1186 1742 propinquitatem
1209 1697 1364 1737 ostendit,
1390 1697 1477 1741 quod
1501 1708 1542 1730 ex
1566 1697 1621 1738 39,
1646 1697 1690 1731 52
1714 1707 1915 1741 cognoscas:

578 1755 740 1788 Comitem
763 1766 815 1787 me
840 1753 925 1797 pelle
949 1753 1088 1787 sodalis!

308 1812 425 1857 Neque
449 1811 544 1856 parvi
567 1809 726 1844 momenti
751 1813 810 1850 est,
835 1808 924 1853 quod
948 1819 1021 1842 sero
1046 1808 1080 1841 in
1102 1807 1262 1841 Hadriani
1287 1807 1468 1841 amicitiam
1496 1807 1595 1841 venit.
1643 1807 1757 1852 Atque
1784 1807 1813 1840 si
1837 1807 2012 1841 Hadriano
2035 1818 2118 1852 cog-

201 1872 301 1903 natus
326 1868 378 1902 vel
403 1867 512 1901 affinis
537 1869 617 1906 erat,
642 1877 708 1910 qua
724 1877 759 1898 re
783 1867 880 1909 poeta
895 1864 1048 1907 impediri
1066 1864 1185 1907 potuit,
1210 1864 1387 1907 quominus
1404 1864 1512 1907 primo
1538 1863 1679 1897 Romam
1704 1864 1851 1897 adventu
1867 1863 2033 1897 Hadriani
2054 1864 2119 1898 viri

206 1923 382 1958 clarissimi
405 1935 443 1957 ac
465 1921 685 1967 potentissimi
710 1919 848 1954 tutelam
873 1922 906 1953 et
930 1919 1077 1953 favorem
1110 1921 1308 1963 quaereret?
1344 1917 1424 1952 Sero
1449 1922 1560 1952 autem
1585 1919 1626 1952 ad
1652 1918 1862 1952 Hadrianum
1886 1921 2021 1962 poetam
2046 1930 2119 1952 esee

201 1981 378 2013 deductum
401 1980 472 2022 ipse
496 1978 549 2018 39,
575 1978 616 2010 31
642 1979 771 2009 monet:

578 2031 689 2066 Secuit
711 2030 880 2064 nascentia
904 2030 975 2063 fata

578 2087 685 2121 Livor.
1365 2108 1367 2110 v

310 2146 406 2188 Quod
430 2157 495 2179 non
512 2144 553 2178 ad
577 2143 720 2187 priorem
745 2143 860 2185 poetae
883 2142 1025 2174 aetatem
1050 2143 1193 2185 spectat;
1221 2152 1298 2175 nam
1323 2143 1399 2185 post
1427 2140 1621 2175 Stilichonis
1645 2141 1831 2182 interitum,
1856 2152 1909 2175 an.
1935 2152 1968 2185 p.
1987 2139 2066 2176 Chr.
2084 2151 2118 2174 n.

195 2202 272 2237 408.
284 2201 426 2246 epistola
435 2203 485 2235 est
495 2200 627 2243 scripta.
643 2199 688 2231 At
698 2209 782 2241 quae
792 2197 950 2240 epistolae
959 2197 1151 2230 scribendae
1163 2197 1266 2230 fuerit
1277 2208 1386 2237 causa,
1398 2197 1497 2237 infra,
1507 2201 1670 2241 quantum
1683 2197 1876 2240 poterimus,
1892 2197 2118 2231 ostendemus.

193 2257 314 2302 Neque
338 2257 407 2291 ullo
424 2256 489 2290 alio
506 2255 577 2289 loco
601 2256 698 2298 poeta
724 2252 886 2287 Hadriani
917 2251 1065 2286 favorem
1092 2254 1338 2292 commemorat,
1364 2252 1420 2285 sed
1444 2252 1594 2286 fautores
1610 2254 1742 2296 praeter
1757 2249 1978 2286 Stilichonem
2004 2250 2120 2286 laudat

195 2313 290 2347 alios.
324 2312 487 2346 Auctores
511 2311 664 2344 fortunae
688 2309 793 2342 bonae
816 2307 961 2341 celebrat
979 2306 1161 2340 Probinum
1184 2309 1219 2340 et
1243 2306 1417 2350 Olybrium
1443 2307 1583 2348 fratres,
1608 2307 1730 2351 quibus
1753 2307 2016 2341 familiarissime
2043 2319 2121 2342 eum

198 2379 296 2403 usum
320 2379 390 2402 esse
414 2368 610 2412 argumento
634 2366 711 2398 sunt
737 2362 894 2408 epistolae
918 2363 958 2396 ad
983 2362 1159 2407 Olybrium
1189 2365 1222 2396 et
1248 2362 1428 2396 Probinum
1466 2363 1624 2407 scriptae,
1661 2365 1695 2396 et
1718 2373 1803 2407 quos
1827 2363 1937 2407 primo
1961 2362 2120 2404 carmine,

196 2425 287 2468 quod
310 2423 429 2459 Latina
452 2423 568 2467 lingua
591 2420 732 2465 scripsit,
757 2419 875 2453 cecinit
900 2419 953 2459 42,
974 2419 1034 2452 13:
