2311 2803
1053 80 1282 113 „18-

314 181 522 214 Humillimis
548 182 703 224 precibus
720 181 932 214 Hadrianum
958 182 1126 225 implorat,
1153 194 1210 225 per
1235 182 1438 224 superiorem
1463 180 1643 213 amicitiam
1671 179 1714 211 2:

808 236 936 270 Subitis
962 248 1003 270 ne
1027 238 1176 270 favorem

590 290 762 323 Permutas
787 291 898 324 odiis?

199 348 232 378 et
257 345 321 378 52:
582 344 747 379 Comitem
773 358 825 379 me
850 346 937 389 pelle
962 347 1095 386 sodalis,

196 412 254 442 per
278 400 488 432 clementiam
515 403 547 433 et
574 401 666 443 pium
692 412 826 433 sensum
853 402 874 434 3
900 405 933 434 et
960 403 997 434 4:

583 455 657 496 Quo
681 468 798 490 sensus
824 458 936 491 abiere
961 457 1037 491 fui?

195 521 254 553 per
279 521 487 544 communem
514 511 658 554 patriam
684 511 747 544 55:

587 566 699 600 lrruat
724 567 757 600 in
786 569 923 601 miseros
948 572 1091 611 cognata
1117 569 1268 611 potentia
1293 568 1399 600 cives!

630 621 758 654 Audiat
783 623 846 655 hoc
871 634 1045 655 commune
1070 622 1176 655 solum
1201 622 1367 665 longeque
1391 621 1512 653 carinis

584 676 677 710 Nota
702 677 833 711 Pharos
859 679 1061 721 flentemque
1085 677 1241 711 attollens
1266 677 1400 721 gurgite
1427 677 1556 709 vultum

583 730 712 765 Nostra
736 736 850 777 gemat
877 733 974 766 Nilus
1000 734 1185 765 numerosis
1211 733 1327 765 funera
1352 732 1443 775 ripis,

195 796 253 827 per
282 785 481 828 dignitatem
512 786 679 820 Hadriani
705 788 766 821 21:

587 840 685 874 Hunc
712 842 969 885 (Alexandrum)
997 843 1102 875 virtus
1128 846 1185 875 tua
1209 843 1311 886 digna
1336 845 1437 886 sequi.

314 895 478 929 Hostibus
503 897 600 930 victis
625 900 658 930 et
683 898 868 930 iacentibus
895 898 1090 935 Herculem,
1120 898 1302 936 Achillem,
1328 897 1553 930 Alexandrum
1590 897 1787 939 pepercisse,
1813 908 1894 940 quos
1921 896 2128 929 Hadrianum

194 951 319 983 imitari
345 951 468 991 deceat,
501 952 625 990 refert;
655 952 787 991 Aetate,
815 954 939 996 impetu
964 953 1076 991 animi,
1103 952 1325 995 imprudentia
1349 963 1382 983 se
1408 962 1558 994 peccasse
1582 954 1717 983 excusat
1742 951 1781 984 6:

584 1007 639 1039 Me
664 1007 758 1040 dolor
783 1009 965 1047 incautum,
991 1020 1043 1040 me
1068 1007 1196 1040 lubrica
1220 1008 1354 1040 (luxerit
1378 1009 1479 1045 aetas,

585 1062 639 1094 Me
664 1066 776 1095 tumor
800 1064 982 1105 impulerit,
1010 1074 1060 1094 nie
1086 1062 1199 1094 devius
1224 1062 1331 1105 egerit
1356 1062 1464 1094 ardor.

311 1113 353 1148 Se
381 1127 440 1158 pro
465 1115 563 1159 culpa
589 1115 679 1149 ultra
709 1117 842 1149 niodum
870 1128 990 1160 poenas
1016 1117 1142 1149 dedisse
1167 1117 1317 1159 queritur
1348 1117 1407 1149 11:

584 1172 739 1204 Excessit
764 1173 830 1204 iam
856 1185 962 1214 poena
988 1173 1129 1204 modum.
1180 1173 1328 1204 Concede
1352 1172 1493 1204 iacenti!

313 1226 356 1256 At
386 1236 590 1268 quamquam
617 1225 815 1258 humillimis
840 1226 1054 1269 indignisque
1078 1225 1229 1268 precibus
1254 1226 1478 1258 adversarium
1506 1225 1653 1258 cumulat
1684 1227 1747 1258 41:

632 1280 705 1314 Hoc
731 1293 790 1324 pro
816 1281 1022 1324 supplicibus
1049 1282 1159 1320 ramis,
1188 1293 1246 1323 pro
1276 1281 1392 1314 fronde
1416 1280 1596 1320 Minervae,

586 1336 659 1368 Hoc
684 1347 817 1368 carmen
844 1349 902 1379 pro
928 1341 1001 1368 ture
1026 1337 1151 1368 damus.
1202 1336 1357 1368 Miserere
1383 1337 1537 1368 tuorum!

585 1391 648 1430 Me,
676 1404 802 1434 precor,
830 1392 894 1424 heu
920 1404 971 1424 me
997 1392 1095 1424 redde
1120 1391 1220 1424 mihi!
1247 1392 1471 1435 gravibusque
1497 1391 1625 1424 medere

587 1446 788 1479 Vulneribus
815 1448 983 1490 vitamque
1009 1447 1085 1478 iube
1110 1447 1299 1488 famamque
1324 1447 1468 1492 reverti.-

587 1500 678 1541 Quae
703 1513 760 1545 per
787 1504 819 1534 te
845 1501 973 1542 cecidit,
1000 1513 1057 1544 per
1083 1504 1114 1534 te
1141 1501 1274 1534 fortuna
1299 1504 1463 1544 resurgat,

192 1561 303 1589 tamen
330 1556 477 1589 dolorem
506 1560 540 1589 et
564 1557 830 1600 indignationem
857 1569 920 1588 non
947 1558 1100 1593 occultat,
1127 1560 1163 1588 ut
1188 1557 1298 1588 animo
1323 1557 1465 1598 quodam
1491 1560 1656 1588 commoto
1684 1557 1845 1590 exclamet
1871 1559 1935 1590 21:

806 1610 1043 1654 Quemcunque
1068 1611 1202 1643 deorum

582 1666 762 1704 Laesimus,
789 1666 927 1698 insultet
952 1666 1067 1709 iugulo
1093 1670 1271 1708 pascatque
1296 1667 1451 1704 furorem,

192 1726 224 1755 et
249 1722 313 1755 50:

583 1774 706 1811 Quodsi
732 1786 791 1806 nec
816 1776 968 1816 precibus
994 1776 1073 1806 fietu
1100 1786 1158 1806 nec
1182 1775 1348 1816 frangeris
1374 1775 1453 1813 ullo,

583 1829 684 1874 Eripe
709 1830 844 1863 calcatis
871 1843 936 1863 non
963 1842 1119 1874 prospera
1144 1831 1278 1873 cingula
1304 1830 1416 1864 musis.

580 1885 682 1928 Eripe
709 1886 881 1918 militiam!
908 1886 1069 1918 Comitem
1095 1898 1146 1917 nie
1172 1886 1256 1928 pelle
1281 1885 1418 1917 sodalis!

627 1940 760 1974 Scilicet
786 1941 933 1982 insignes
958 1942 997 1973 de
1022 1953 1164 1984 paupere
1191 1944 1265 1973 vate
1291 1940 1499 1984 triumphos!

580 1995 714 2028 Scilicet
738 1997 884 2037 egregiis
910 1997 1071 2028 ornabere
1095 1997 1200 2027 victor
1226 1996 1360 2037 opimis!

582 2048 693 2082 Irruat
718 2050 751 2081 in
776 2050 914 2082 miseros
939 2052 1082 2092 cognata
1106 2050 1256 2092 potentia
1280 2050 1389 2082 cives!

305 2105 379 2145 Qua
405 2105 641 2148 deprecatione
660 2105 850 2137 Hadrianus
877 2107 988 2137 utrum
1014 2105 1058 2136 sit
1083 2108 1266 2136 commotus
1293 2108 1325 2137 et
1350 2108 1446 2147 poeta
1463 2109 1676 2138 conservatus
1702 2120 1743 2139 an
1769 2109 1893 2148 eadem,
1919 2122 2003 2152 quae
2020 2111 2120 2143 ceteri

188 2160 382 2194 Stilichonis
408 2160 516 2199 amici,
543 2171 670 2203 passus,
697 2162 848 2203 apertum
875 2171 940 2192 non
966 2163 1016 2192 est
1032 2159 1177 2202 itemque
1195 2159 1307 2202 igitur,
1334 2159 1502 2193 Romaene
1518 2161 1687 2201 manserit,
1714 2162 1740 2194 si
1765 2166 1912 2197 extrema
1936 2165 2119 2210 effugisset,

186 2229 228 2249 an
254 2218 287 2249 id
313 2217 401 2258 quod
428 2216 602 2248 nonnullis
628 2215 746 2257 placet,
776 2216 998 2248 Alexandriae
1023 2215 1146 2248 litteris
1171 2215 1300 2247 deditus
1327 2216 1411 2248 diem
1438 2228 1628 2258 supremum
1655 2217 1785 2250 obierit.

303 2270 422 2314 Neque
448 2271 559 2303 minus
584 2271 747 2303 incertum
774 2274 832 2310 est,
858 2270 955 2303 hicne
980 2273 1078 2313 poeta
1103 2281 1226 2308 eorum,
1253 2282 1338 2313 quae
1355 2270 1415 2303 sub
1429 2271 1603 2303 Claudiani
1629 2273 1761 2305 nomine
1785 2273 1900 2307 relicta
1926 2278 2013 2316 sunt,
2038 2288 2118 2320 poe-

184 2330 311 2360 matum
331 2326 535 2360 Graecorum
563 2327 608 2359 sit
632 2329 757 2359 auctor.
810 2327 968 2359 Attamen
995 2337 1045 2358 res
1071 2325 1200 2368 aliquot
1224 2325 1395 2359 civitatum
1415 2325 1615 2360 Graecarum
1633 2327 1759 2362 Graeco
1785 2341 1935 2364 sermone
1952 2332 2120 2376 conscrip-

181 2385 233 2415 tas
258 2382 325 2415 iam
353 2384 481 2415 veteres
507 2381 587 2414 huic
609 2380 795 2414 Claudiano
820 2381 1021 2413 tribuerunt.

298 2438 394 2479 Quod
418 2437 581 2471 Seldenus
607 2439 640 2469 et
667 2435 896 2470 Gothofredus
921 2435 1142 2470 Claudianum
1177 2437 1329 2470 comitem
1365 2438 1501 2472 orientis
1538 2439 1684 2480 faciunt,
1714 2441 1799 2475 nihil
1824 2443 1943 2477 afferre
1968 2447 2119 2489 possunt,

181 2495 270 2537 quod
295 2494 393 2526 firmo
420 2497 580 2536 certoque
602 2494 647 2525 sit
672 2496 878 2535 argumento.
931 2492 1095 2525 Nituntur
1128 2493 1161 2523 in
1189 2492 1263 2533 lege
1295 2494 1334 2524 de
1359 2492 1505 2532 Judaeis,
1537 2494 1711 2527 Caelicolis
1739 2497 1912 2538 (Galilaeis
1924 2500 1975 2539 Ρ),
2002 2499 2119 2532 Sama-
