2311 2803
1007 68 1235 98 ..19-

158 170 278 204 ritanis
300 168 462 211 inscripta
486 167 630 200 Arcadio
655 168 689 199 et
705 166 856 198 Honorio
873 176 955 199 coss.
982 168 1049 208 (an.
1068 167 1160 211 396.)
1179 167 1219 200 ad
1237 166 1466 206 Claudianum,
1493 167 1649 200 comitem
1667 165 1817 198 orientis.
1868 163 1992 207 Opinio
2009 173 2090 196 con-

162 223 296 269 gruenti
318 221 451 256 nomine
469 224 502 254 et
524 222 673 264 tempore
689 220 879 254 confirmari
903 221 1042 256 videtur.
1082 221 1136 261 At,
1163 225 1360 255 constansne
1385 222 1429 255 sit
1444 221 1543 255 lectio
1565 220 1809 261 „Claudianum
1817 221 1843 259 ¹,
1870 221 1922 252 est
1938 218 2089 252 dubium.

159 278 273 312 Editio
297 277 385 310 enim
409 275 605 309 Parisiensis
633 275 735 308 habet
747 274 931 308 Claudium.
981 277 1075 315 Quod
1089 277 1117 309 si
1134 289 1247 310 verum
1273 281 1322 310 est
1338 289 1466 317 nomen,
1497 277 1679 310 difficultas
1694 276 1836 309 tollitur.
1887 273 1948 307 Sin
1968 272 2087 314 „Clau-

158 334 313 367 dianum‘
339 331 518 375 legendum
543 341 614 363 esse
638 329 856 373 probabitur,
890 331 973 364 duae
997 332 1148 375 inprimis
1173 336 1251 366 sunt
1275 344 1346 373 res,
1379 345 1464 376 quae
1491 332 1623 366 Seldeni
1653 334 1687 365 et
1712 330 1911 364 Gothofredi
1937 328 2090 373 opinioni

158 388 300 421 obstent.
350 385 428 418 Non
453 385 545 418 tenui
570 384 652 417 mihi
677 387 843 418 momento
868 396 938 418 esse
961 386 1092 419 videtur
1116 390 1248 430 poetam
1273 387 1333 420 tali
1361 388 1490 421 muneri
1515 387 1663 420 nondum
1685 388 1855 419 maturum
1881 395 1920 417 eo
1937 386 2090 428 tempore

159 443 273 482 fuisse,
300 454 404 485 quum
428 441 463 474 in
487 440 629 484 epistola
654 441 694 474 ad
713 440 918 475 Hadrianum
943 443 1066 485 scripta
1097 443 1298 482 „lubricam“
1326 447 1468 477 aetatem
1494 447 1649 481 excuset,
1685 446 1788 486 atque
1813 444 1990 485 postquam
2017 439 2087 473 Ro-

158 509 247 530 mam
271 496 373 536 venit,
397 496 485 529 inter
510 494 704 529 Stilichonis
729 496 865 529 comites
889 499 960 529 erat
984 508 1087 541 usque
1112 499 1153 531 ad
1178 511 1301 532 annum
1327 499 1403 533 400.
1453 498 1532 532 Jam
1556 501 1668 532 autem
1694 509 1771 531 ann.
1797 509 1829 541 p.
1848 496 1928 530 Chr.
1956 508 1989 529 n.
2008 495 2087 529 395.

158 553 299 586 Romam
322 552 450 585 venisse
466 550 687 584 Claudianum
711 564 770 585 suo
795 552 866 585 loco
890 554 1028 585 ostendi.
1077 552 1189 592 Quid?
1236 554 1269 587 ld
1305 567 1424 588 munus
1456 566 1563 598 neque
1594 555 1627 587 in
1654 554 1773 586 tabula
1801 556 1934 585 statuae
1958 552 2088 594 positae

155 618 222 640 non
238 609 315 640 ante
331 618 384 639 an.
403 606 480 639 400.
498 605 631 650 legitur,
650 618 757 650 neque
774 618 914 651 usquam
931 619 950 640 a
966 610 1065 651 poeta
1082 608 1151 641 eius
1169 609 1207 642 fit
1223 610 1357 643 mentio.
1401 610 1513 654 Atque
1536 621 1638 654 quum
1664 619 1795 653 semper
1824 606 2003 641 Stilichoni
2027 606 2086 639 ad-

160 662 267 695 dictus
292 674 333 696 ne
350 662 492 695 Arcadio
516 662 581 705 ipsi
605 662 737 705 quidem
762 666 926 705 parceret,
952 663 1039 696 haud
1067 663 1244 697 verisimile
1269 667 1318 697 est
1343 665 1384 697 ab
1409 665 1471 698 hoc
1499 668 1615 707 poetae
1639 664 1848 707 provinciam
1873 662 2083 695 commissam

161 727 241 750 esse.
289 716 335 750 Iis
360 717 447 750 enim
472 716 551 760 ipsis
577 717 782 760 temporibus
806 717 953 750 carmina
976 717 1010 750 in
1040 717 1196 751 Rufinum
1221 719 1361 762 scripsit,
1388 722 1421 752 et
1446 731 1496 752 an.
1524 719 1601 752 397.
1628 718 1769 752 Stilicho
1793 717 1828 750 in
1849 716 1988 750 Graecia
2018 715 2084 749 Ge-

160 775 212 805 tas
237 772 324 805 bello
349 772 607 815 persequebatur
632 775 665 805 et
682 773 822 805 Arcadio
850 773 1043 815 postulante
1061 773 1198 806 Graecia
1222 774 1320 806 cessit
1343 776 1374 813 3,
1400 776 1489 807 314:

765 827 868 861 Vetat
892 827 949 860 ille
974 827 1143 871 (Rufinus)
1168 828 1296 861 domari

544 882 753 925 Innectitque
778 894 888 915 moras
913 885 946 915 et
971 894 1118 925 congrua
1142 886 1292 926 tempora
1317 884 1437 917 differt.

590 936 678 969 Nam
704 939 761 969 tua
784 948 857 969 cum
884 937 1015 970 Geticas
1042 937 1213 970 stravisset
1238 938 1354 970 dextra
1379 942 1536 978 catervas,

544 991 624 1025 Ulta
649 992 739 1024 ducis
763 992 841 1024 socii
866 992 980 1031 letum,
1009 1003 1149 1035 parsque
1175 1004 1239 1025 una
1264 996 1408 1025 maneret

548 1046 697 1079 Debilior
721 1046 894 1089 facilisque
919 1047 1002 1089 capi,
1029 1050 1108 1079 tunc
1134 1047 1255 1088 impius
1280 1046 1336 1079 ille

548 1100 701 1135 Proditor
725 1101 856 1144 imperii
881 1101 1139 1145 coniuratusque
1163 1101 1319 1135 Getarum

547 1156 688 1189 Distulit
708 1157 870 1189 instantes
894 1157 986 1188 eluso
1013 1157 1161 1198 principe
1186 1168 1314 1198 pugnas

550 1209 747 1243 Hunnorum
772 1209 900 1242 laturus
925 1221 1031 1253 opem,
1058 1221 1141 1253 quos
1166 1209 1268 1242 affore
1293 1209 1379 1242 bello

545 1265 654 1299 Norat
678 1269 711 1299 et
735 1267 849 1300 invisis
874 1278 949 1299 mox
975 1278 1008 1299 se
1033 1267 1231 1310 coniungere
1255 1267 1380 1300 castris.
1410 1277 1414 1282 '

275 1320 338 1353 Hic
364 1321 455 1353 locus
491 1332 560 1353 esse
598 1321 726 1354 videtur
760 1321 798 1354 de
827 1323 943 1364 poetae
965 1321 1029 1353 fide
1055 1332 1093 1353 ac
1118 1321 1277 1365 religione
1301 1321 1480 1353 disserendi
1496 1346 1503 1356 ,
1534 1323 1696 1364 quantum
1722 1331 1762 1352 ex
1787 1319 1964 1362 operibuS,
1999 1329 2085 1361 quae

156 1375 273 1409 relicta
297 1378 384 1415 sunt,
410 1376 564 1419 cognosci
588 1377 727 1419 poterit,
753 1388 819 1419 qua
843 1376 882 1409 de
907 1388 942 1409 re
964 1375 1131 1409 Merianus
1158 1376 1320 1419 copiosius
1346 1376 1537 1419 disputavit.
1589 1375 1653 1415 Qui
1667 1375 1843 1409 Claudiani
1872 1375 1975 1408 aetati
2005 1377 2084 1407 sunt

157 1431 301 1474 proximi
317 1432 503 1474 scriptores,
523 1431 732 1473 Augustinus
750 1434 783 1464 et
799 1431 922 1463 Paulus
931 1430 1078 1470 Orosius,
1091 1442 1258 1473 paganum
1270 1442 1344 1463 eum
1361 1432 1458 1463 claris
1481 1431 1589 1463 verbis
1607 1431 1732 1468 dicunt,
1748 1431 1806 1463 ille
1823 1430 1863 1463 de
1876 1430 2014 1462 civitate
2031 1429 2084 1462 dei

156 1486 196 1520 V.
212 1486 270 1520 26:
312 1486 408 1520 Unde
425 1488 459 1519 et
485 1488 581 1530 poeta
593 1485 803 1526 Claudianus,
821 1486 972 1531 quamvis
998 1498 1017 1519 a
1042 1485 1166 1520 Christi
1190 1486 1322 1519 nomine
1347 1485 1483 1526 alienus,
1509 1487 1543 1519 in
1569 1486 1638 1520 eius
1664 1488 1776 1520 tamen
1802 1485 1957 1520 laudibus
1982 1485 2084 1519 dixit:

544 1541 589 1582 (7,
616 1543 673 1582 96)
700 1541 727 1573 O
754 1543 892 1574 nimium
917 1540 1034 1573 dilecte
1061 1542 1130 1577 deo,
1156 1542 1208 1573 cui
1233 1541 1343 1573 fundit
1368 1541 1410 1573 ab
1435 1542 1539 1574 antris

541 1594 665 1629 Aeolus
689 1597 833 1628 armatas
857 1595 990 1635 hiemes,
1016 1596 1069 1628 cui
1095 1594 1218 1628 militat
1241 1594 1365 1635 aether,

543 1650 588 1683 Et
612 1652 774 1683 coniurati
798 1651 936 1683 veniunt
959 1650 999 1682 ad
1023 1650 1158 1683 classica
1183 1651 1287 1682 venti!

157 1706 211 1741 hic
235 1706 312 1740 hist.
339 1706 411 1739 adv.
435 1717 510 1749 pag.
543 1704 616 1745 VII,
641 1706 703 1738 35:
729 1704 867 1745 Quando
901 1717 985 1738 unus
1011 1717 1050 1738 ex
1074 1705 1166 1747 ipsis,
1193 1708 1290 1747 poeta
1316 1705 1449 1748 quidem
1477 1705 1636 1743 eximius,
1675 1705 1730 1738 sed
1756 1716 1908 1748 paganus
1933 1705 2084 1748 pervica-

158 1762 308 1794 cissimus
333 1762 431 1793 huius
457 1760 545 1793 modi
571 1760 718 1792 versibus
745 1762 778 1792 et
802 1760 862 1792 deo
887 1763 920 1791 et
945 1760 1072 1791 homini
1100 1759 1327 1791 testimonium
1353 1759 1442 1797 tulit,
1469 1759 1589 1802 quibus
1614 1759 1679 1791 ait:

541 1814 568 1848 Ο
594 1816 729 1849 nimium
756 1815 873 1849 dilecte
898 1817 958 1848 etc.

270 1871 417 1910 Quorum
455 1871 566 1914 opinio
602 1871 803 1902 carminibus
836 1870 1024 1902 confirmari
1057 1870 1203 1907 videtum
1238 1870 1364 1912 patrios
1390 1870 1477 1901 enim
1516 1870 1593 1902 deos
1618 1870 1740 1902 retinet
1766 1872 1799 1902 et
1823 1880 1936 1912 preces
1961 1869 2003 1902 ad
2027 1880 2084 1901 eos

162 1927 283 1967 tendit;
310 1927 340 1967 3,
366 1927 431 1961 334
450 1925 665 1960 Stilichonem
689 1927 876 1969 precantem
901 1924 1091 1958 introducit.

543 1980 685 2017 Mavors,
709 1980 864 2012 nubifero
889 1990 946 2011 seu
969 1981 1007 2011 tu
1025 1979 1213 2020 procumbis
1237 1980 1270 2010 in
1296 1979 1411 2017 Aemo,

542 2034 605 2068 Seu
632 2036 664 2067 te
688 2045 770 2067 cana
794 2033 871 2077 gelu
899 2032 1070 2076 Rhodope,
1096 2044 1153 2065 seu
1178 2033 1302 2076 remige
1320 2032 1417 2065 Medo

541 2089 745 2122 Sollicitatus
761 2088 880 2127 Athos,
906 2100 963 2120 seu
987 2088 1168 2131 caligantia
1193 2088 1297 2131 nigris

542 2144 675 2178 Ilicibus
701 2143 854 2188 Pangaea
878 2145 1002 2183 tenent,
1030 2142 1204 2187 accingere
1229 2154 1354 2176 mecum

543 2201 587 2233 Et
612 2200 756 2232 Thracas
780 2199 917 2231 defende
941 2200 1035 2231 tuos!
1079 2198 1114 2231 Si
1140 2199 1256 2231 laetior
1281 2200 1367 2231 adsit

544 2255 657 2288 G10ria
682 2254 801 2288 vestita
824 2253 939 2297 spoliis
964 2253 1129 2286 donabere
1154 2264 1285 2297 quercu.

590 2310 704 2344 Audiit
727 2310 786 2342 illa
810 2312 915 2353 pater.

161 2366 211 2407 18,
237 2368 303 2401 210
327 2367 508 2401 exclamat:

541 2421 617 2456 Non
642 2421 743 2465 pudet
766 2420 841 2461 heu,
868 2419 996 2464 Superi.

271 2477 496 2511 Theodosium
519 2478 552 2509 in
578 2477 742 2520 colloquio
763 2488 836 2508 cum
855 2476 1004 2508 Honorio
1032 2476 1146 2507 habito
1173 2477 1250 2508 deos
1276 2487 1346 2508 esse
1370 2477 1559 2508 credentem
1585 2477 1666 2509 facit
1691 2477 1722 2514 8,
1741 2477 1827 2509 276:

1820 2529 1863 2558 3*
