2311 2803
1061 63 1265 97 ..8-

1030 164 1113 199 Cum
1138 164 1234 199 divus
1259 162 1395 202 abirem,

587 220 654 253 Res
678 221 926 263 incompositas,
952 220 1072 261 fateor,
1098 220 1308 263 tumidasque
1332 217 1461 262 reliqui.

586 274 783 320 Stringebat
808 275 929 309 vetitos
955 275 1138 309 etiamnum
1162 275 1324 308 exercitus
1349 283 1441 306 enses

588 329 721 373 Alpinis
747 330 832 364 odiis
860 331 1057 374 alternaque
1081 330 1192 375 iurgia
1216 329 1295 364 victi

586 383 804 429 Victoresque
829 384 965 418 dabant.
1010 384 1075 418 Vix
1098 385 1180 417 haec
1204 385 1349 417 amentia
1373 383 1495 416 nostris

585 439 757 479 Excubiis,
782 440 905 473 nedum
930 451 1034 484 puero
1060 442 1187 474 rectore
1211 440 1364 484 quiesset.

585 494 661 528 Heu
686 498 848 539 quantum
875 496 973 529 timui
999 496 1103 536 vobis,
1128 495 1208 539 quid
1234 494 1338 528 libera
1362 493 1447 528 tanti

587 549 708 583 Militis
733 550 871 584 auderet
895 551 1010 590 moles,
1036 562 1111 583 cum
1136 561 1233 583 caeca
1258 552 1385 583 remoto

587 603 746 639 Ferveret
770 605 837 638 iam
863 605 953 639 laeta
977 607 1078 639 metu.
1119 604 1297 639 Dissensus
1323 604 1474 644 acerbus,

588 659 652 693 Sed
677 660 814 704 gravior
838 672 1015 694 consensus
1041 664 1121 694 erat.

314 715 508 750 Stilichonis
534 715 619 755 iter,
651 727 719 759 quo
744 717 859 749 statim
887 717 1076 750 Theodosio
1105 719 1237 749 mortuo
1265 716 1444 749 Germanos
1469 714 1582 758 paucis
1615 712 1730 747 diebus
1764 712 1913 756 pacavit,
1944 722 2041 745 omne
2068 722 2124 744 or·

196 771 275 805 dine
299 773 434 806 enarrat
458 771 513 813 21,
545 771 632 805 195:

634 825 881 859 Transcurrens
905 827 977 869 egit
1001 827 1143 860 Stilicho
1168 827 1374 869 totidemque
1397 827 1512 859 diebus

587 880 749 914 Edomuit
774 880 938 921 Rhenum,
965 883 1047 925 quot
1071 892 1129 914 vos
1155 880 1307 923 (Drusus,
1333 879 1511 924 Traianus)
1535 879 1691 924 potuistis
1716 879 1751 913 in
1776 878 1880 912 annis.

589 935 695 975 Quem
721 936 823 976 ferro,
849 936 1015 979 alloquiis,
1041 948 1139 980 quem
1164 947 1222 969 vos
1247 948 1321 969 cum
1346 936 1461 976 milite,
1487 935 1578 968 solus

587 990 737 1036 Impiger
761 1004 780 1024 a
804 992 913 1035 primo
938 991 1137 1026 descendens
1162 991 1308 1025 fluminis
1333 993 1408 1025 ortu

594 1046 645 1079 Ad
670 1045 790 1080 bifidos
815 1049 943 1079 tractus
968 1048 1001 1079 et
1024 1046 1137 1079 iuncta
1161 1046 1337 1089 paludibus
1363 1057 1421 1079 ora

588 1100 800 1136 Fulmineum
826 1102 1023 1145 perstrinxit
1046 1102 1120 1135 iter.
1162 1101 1263 1135 Ducis
1286 1102 1414 1145 impetu
1438 1101 1543 1133 undas

589 1155 752 1190 Vincebat
777 1157 899 1190 celeres
924 1159 958 1189 et
982 1168 1046 1199 pax
1069 1169 1089 1189 a
1112 1156 1205 1189 fonte
1229 1156 1378 1199 profecta

587 1210 671 1244 Cum
698 1210 806 1244 Rheni
831 1211 999 1245 crescebat
1023 1212 1128 1255 aquis.
1154 1214 1215 1244 etc.

420 1266 511 1300 Idem
537 1267 593 1306 21,
618 1266 705 1300 215:

589 1320 705 1360 Omne,
732 1322 821 1365 quod
845 1332 1004 1354 oceanum
1029 1322 1204 1365 fontesque
1228 1323 1401 1354 interiacet
1424 1322 1513 1361 Istri,

589 1374 698 1409 Unius
722 1376 855 1410 incursu
881 1377 1028 1410 tremuit.
1070 1375 1148 1410 Sine
1173 1376 1270 1411 caede
1294 1376 1451 1410 subactus

589 1429 734 1462 Servitio
759 1430 883 1463 Boreas
908 1432 1137 1474 exarmatique
1162 1432 1312 1464 Triones

591 1482 755 1529 Tempore
780 1486 848 1519 tam
874 1495 975 1529 parvo
999 1486 1050 1519 tot
1073 1483 1201 1530 proelia
1225 1484 1387 1531 sanguine
1411 1483 1504 1519 nullo

589 1541 724 1572 Perficis
749 1543 782 1572 et
806 1540 887 1572 luna
911 1553 1017 1582 nuper
1040 1544 1195 1574 nascente
1219 1541 1389 1583 profectus

589 1594 679 1628 Ante
704 1594 800 1635 redis,
827 1606 926 1639 quam
952 1594 1051 1639 plena
1075 1594 1150 1628 fuit.

423 1651 514 1684 Idem
542 1652 573 1691 8,
604 1652 690 1684 440:

635 1704 792 1739 Rhenum
816 1717 934 1749 pacare
959 1706 1062 1739 iubes.
1106 1706 1209 1740 Volat
1232 1706 1289 1740 ille
1313 1706 1426 1740 citatis

590 1760 714 1793 Vectus
739 1762 832 1803 equis
857 1761 1016 1804 nullaque
1042 1762 1128 1794 latus
1152 1762 1298 1804 stipante
1322 1766 1466 1800 caterva,

591 1816 719 1859 Aspera
743 1815 915 1849 nubiferas
939 1827 1005 1860 qua
1031 1815 1153 1849 Rhetia
1178 1816 1322 1860 porrigit
1345 1815 1459 1860 Alpes,

590 1870 707 1914 Pergit
732 1873 766 1903 et
790 1870 941 1910 hostiles,
967 1874 1063 1903 tanta
1088 1874 1138 1904 est
1162 1872 1283 1904 fiducia
1308 1871 1397 1914 ripas

590 1925 808 1959 Incomitatus
833 1925 913 1958 adit.
955 1925 1076 1958 Totum
1102 1937 1280 1969 properare
1304 1938 1363 1969 per
1388 1938 1518 1960 amnem

592 1981 765 2013 Attonitos
790 1981 911 2013 humili
936 1992 1031 2023 reges
1056 1981 1181 2013 cervice
1206 1981 1344 2021 videres,

422 2036 514 2071 Idem
539 2036 626 2070 449:

1030 2091 1171 2123 Juratur
1197 2091 1365 2124 Honorius
1390 2091 1509 2125 absens

590 2145 819 2190 Imploratque
844 2147 938 2179 tuum
964 2145 1105 2189 supplex
1131 2145 1332 2179 Alamannia
1356 2157 1485 2180 nomen.

421 2201 513 2234 Idem
542 2202 633 2234 455:

588 2254 782 2289 Nobilitant
807 2258 935 2289 veteres
960 2254 1157 2291 Germanica
1182 2255 1314 2289 foedera
1339 2255 1486 2295 Drusos3

588 2310 697 2343 Marte
722 2311 780 2343 sed
805 2311 952 2353 ancipiti,
979 2311 1035 2342 sed
1061 2311 1176 2342 multis
1201 2311 1349 2343 cladibus
1374 2314 1471 2343 emta.

589 2366 670 2407 Quis
695 2367 819 2400 victum
845 2365 997 2400 meminit
1022 2364 1093 2399 sola
1116 2365 1294 2400 formidine
1320 2365 1499 2401 Rhenum?

588 2421 683 2462 Quod
709 2422 819 2466 longis
844 2422 902 2455 alii
927 2421 1022 2454 bellis
1047 2424 1185 2464 potuere
1209 2422 1337 2461 mereri,

588 2477 662 2511 Hoc
687 2477 749 2510 tibi
775 2477 832 2510 dat
858 2476 1052 2511 Stilichonis
1076 2476 1148 2510 iter.
