2311 2803
281 718 425 753 Romani
449 719 593 762 imperii,
621 729 687 762 quo
712 721 862 762 tempore
886 718 927 751 ad
944 729 1096 751 occasum
1113 716 1282 762 vergebat,
1307 716 1421 751 literas
1439 718 1466 750 si
1488 717 1748 759 consideramus,
1774 719 1919 752 maxime
1944 719 2095 753 omnium

165 774 280 807 oculos
303 774 337 806 in
363 785 398 807 se
423 774 587 806 convertit
621 773 778 806 Claudius
803 773 1020 810 Claudianus,
1055 773 1257 805 clarissimus
1282 775 1379 815 poeta
1403 773 1623 816 ultimumque
1649 772 1821 807 Romanae
1844 775 1955 817 poesis
1980 774 2095 808 lumen

166 840 204 863 ac
227 830 334 863 decus.
377 829 518 862 Exstitit
547 831 630 869 tum,
657 840 731 862 cum
757 828 855 870 bella,
880 828 1045 862 tumultus
1074 828 1186 861 omnia
1210 827 1391 861 turbabant
1418 830 1451 861 et
1474 827 1688 862 infestabant.
1739 827 1828 862 Nam
1846 841 1885 863 eo
1909 829 1983 873 ipso
2009 832 2096 863 tem-

164 896 244 928 pore
268 884 393 925 floruit,
419 896 485 928 quo
513 884 644 916 subitus
669 886 767 916 antea
790 884 925 928 ignotae
951 883 1112 915 barbarae
1139 883 1249 925 gentis
1273 883 1434 926 equestris
1460 882 1658 916 Hunnorum
1686 884 1720 916 in
1744 884 1917 927 Europam
1944 885 2093 918 orienta-

165 939 230 971 lem
255 939 416 971 adventus
440 939 553 971 omnia
589 938 696 971 movit
729 940 762 970 et
785 938 905 971 terruit
939 941 971 970 et
996 938 1126 976 omnia,
1157 949 1242 981 quae
1267 940 1375 975 erant,
1411 949 1505 970 ruere
1530 940 1577 977 et,
1604 939 1692 981 quod
1717 938 1868 972 restabat
1892 940 2093 973 eruditionis

164 993 462 1037 humanitatisque,
489 993 702 1035 exstinguere
730 995 763 1025 et
788 1003 901 1026 eorum
926 992 1000 1028 loco
1024 992 1213 1025 barbariem
1237 992 1356 1025 afferre
1383 993 1565 1025 videbatur.
1616 993 1728 1036 Atque
1744 995 1895 1037 tempora
1920 995 2034 1037 priora
2059 998 2095 1028 et

165 1049 358 1082 tristissima
380 1048 515 1091 imperii
539 1048 730 1081 condicione
755 1051 788 1080 et
812 1048 1050 1090 imperatorum
1076 1047 1293 1090 plurimorum
1319 1048 1467 1090 nequitia
1491 1048 1696 1090 perditisque
1725 1048 1875 1080 moribus
1900 1061 2002 1091 quam
2028 1050 2092 1081 mi-

165 1094 254 1137 nime
287 1106 383 1137 erant
417 1104 535 1136 idonea
573 1103 614 1136 ad
649 1102 838 1136 litterarum
863 1103 974 1136 studia
997 1103 1150 1147 augenda
1174 1105 1208 1136 et
1232 1102 1413 1136 excitanda.
1463 1103 1579 1146 Itaque
1604 1105 1753 1136 extrema
1778 1103 1925 1137 Romani
1960 1104 2094 1148 imperii

164 1159 376 1192 occidentalis
401 1161 552 1202 tempora
576 1158 729 1191 omnibus
754 1157 824 1191 fere
848 1158 955 1202 poetis
972 1160 1105 1199 carent,
1140 1158 1199 1202 qui
1221 1161 1339 1203 poetae
1363 1158 1495 1190 nomine
1525 1158 1592 1190 sint
1617 1158 1721 1203 digni,
1751 1170 1864 1203 quum,
1891 1159 1949 1204 qui
1974 1162 2094 1204 poetae

164 1213 329 1254 dicuntur,
355 1225 420 1246 non
447 1213 510 1245 nisi
537 1213 687 1257 priorum
721 1213 845 1245 fuerint
868 1213 1053 1245 imitatores
1077 1215 1109 1244 et
1133 1213 1320 1256 principum
1345 1213 1543 1245 adulatores,
1593 1213 1818 1246 Imitabantur
1844 1215 1994 1256 priorum
2020 1215 2091 1247 for-

166 1281 254 1301 mam
280 1272 313 1301 et
336 1269 481 1311 figuras,
515 1269 689 1311 ingenium
714 1271 872 1301 evaserat.
921 1269 1101 1311 Elegantes
1127 1269 1314 1311 politosque
1338 1269 1517 1301 versiculos
1542 1269 1653 1302 facere
1682 1272 1716 1302 et
1732 1269 1859 1312 figuras
1876 1271 2093 1304 suavissimas

165 1336 360 1366 componere
384 1336 549 1357 summum
577 1326 657 1357 erat.
707 1324 819 1367 Atque
853 1324 958 1363 illud,
993 1324 1079 1367 quod
1115 1323 1266 1366 inprimis
1291 1323 1592 1358 Alexandrinorum
1618 1325 1793 1367 poetarum
1817 1323 1922 1359 fuisse
1946 1327 2090 1366 constat,

165 1378 197 1411 in
217 1377 385 1412 Romanos
411 1389 543 1422 quoque
568 1378 757 1422 irrepserat,
784 1379 934 1413 doctrina
959 1378 1211 1422 eruditioneque
1236 1378 1432 1411 ostentanda
1449 1378 1575 1421 ingenii
1588 1378 1695 1411 nativi
1712 1379 1885 1422 penuriam
1912 1380 2091 1413 occultare.

166 1432 294 1473 Quibus
318 1433 409 1466 vitiis
437 1432 639 1467 Claudianus
664 1433 792 1466 etiamsi
818 1444 885 1466 non
910 1433 994 1466 liber
1019 1433 1095 1474 fuit,
1115 1435 1231 1466 ‚tamen
1249 1433 1380 1465 excellit
1395 1433 1530 1477 ingenio
1548 1433 1669 1473 vivido,
1696 1433 1815 1466 ardore
1839 1434 1952 1473 animi,
1979 1435 2092 1467 studio

166 1488 336 1521 Romanae
360 1489 579 1532 pristinorum
604 1491 790 1532 temporum
815 1489 1001 1521 maiestatis
1026 1508 1068 1511 —
1094 1487 1264 1530 (Romam)
1293 1499 1480 1526 „armorum
1506 1487 1685 1531 legumque
1718 1491 1913 1531 parentem“
1941 1489 2092 1533 appellat

164 1562 210 1566 —
235 1544 382 1575 omnium
400 1555 510 1575 rerum
537 1544 684 1582 scientia,
710 1544 827 1575 robore
852 1546 884 1575 et
908 1547 1028 1575 ornatu
1045 1543 1182 1580 dicendi,
1208 1542 1412 1574 abundantia
1436 1542 1600 1574 dictorum
1617 1545 1804 1582 acutorum,
1821 1544 2008 1587 imaginum
2034 1545 2091 1577 de-

165 1597 447 1642 scriptionumque
474 1598 650 1642 elegantia,
676 1600 713 1631 ut
737 1597 825 1631 haud
850 1597 1016 1631 immerito
1041 1596 1179 1630 ultimus
1203 1598 1301 1640 poeta
1325 1595 1550 1630 Romanorum
1576 1595 1751 1630 habeatur.

280 1653 329 1688 De
363 1653 433 1686 vita
468 1653 686 1686 illustrissimi
711 1656 848 1697 poetae,
884 1653 946 1686 etsi
972 1663 1072 1696 opera
1096 1652 1138 1685 ab
1163 1652 1359 1695 aequalibus
1382 1652 1497 1695 magni
1522 1651 1807 1692 aestimabantur,
1834 1664 1854 1685 a
1879 1653 1959 1685 viris
1984 1653 2092 1687 doctis

165 1710 385 1752 posteriorum
409 1712 597 1751 temporum
622 1720 726 1752 usque
750 1709 791 1741 ad
818 1708 985 1741 saeculum
1009 1709 1139 1739 sextum
1165 1707 1327 1739 decimum
1353 1719 1481 1739 summa
1502 1719 1577 1739 cum
1602 1707 1824 1741 oblectatione
1849 1720 1887 1740 ac
1912 1709 2023 1742 studio
2040 1709 2089 1742 le-

165 1763 331 1807 gebantur
355 1766 388 1796 et
412 1763 656 1802 tractabantur,
681 1762 849 1796 historicis
872 1765 968 1795 erant
991 1762 1067 1795 fons
1091 1762 1311 1804 gratissimus,
1337 1764 1448 1794 tamen
1466 1774 1571 1804 pauca
1588 1765 1667 1795 sunt
1683 1764 1820 1806 cognita
1844 1763 1949 1797 oculis
1967 1764 2092 1807 exiguo

165 1818 323 1852 tredecim
348 1829 509 1851 annorum
538 1817 646 1861 spatio
670 1818 796 1861 aperto,
821 1819 854 1851 et
879 1817 917 1850 de
943 1816 1078 1850 ineunte
1107 1818 1141 1849 et
1164 1816 1203 1849 de
1228 1818 1367 1851 exeunte
1392 1819 1501 1850 aetate
1535 1817 1591 1850 vix
1616 1818 1799 1862 quidquam
1823 1818 1905 1852 certi
1931 1819 2091 1862 reperias,

164 1872 280 1906 Patria
304 1873 435 1917 quidem
470 1875 590 1915 poetae
615 1872 718 1915 ipsius
744 1884 761 1905 e
785 1871 986 1905 carminibus
1010 1871 1162 1904 concludi
1187 1874 1318 1913 potest3
1343 1875 1378 1905 at
1401 1872 1534 1915 quando
1559 1874 1604 1905 sit
1622 1875 1720 1905 natus
1737 1876 1771 1906 et
1787 1874 1921 1917 quando
1946 1877 1981 1907 et
2004 1886 2090 1917 quo-

165 1928 263 1962 modo
288 1930 322 1961 et
345 1928 402 1961 ubi
427 1929 591 1966 mortuus,
618 1928 735 1960 crassis
759 1926 903 1960 tenebris
927 1925 1129 1959 occultatum
1147 1928 1180 1959 et
1197 1926 1432 1960 circumfusum
1456 1927 1557 1967 latet,
1584 1938 1692 1971 neque
1717 1927 1779 1961 ulli
1794 1930 1874 1961 sunt
1897 1928 2088 1972 aequalium

165 1984 364 2028 scriptorum
388 1983 499 2017 fontes
514 2010 521 2024 ,
557 1994 596 2017 ex
626 1983 746 2026 quibus
770 1983 904 2016 haurire
927 1982 1101 2025 possimus.
1151 1981 1200 2015 De
1224 1981 1334 2025 patria
1367 1982 1441 2025 ipsa
1465 1993 1587 2027 magna
1611 1981 1678 2016 fuit
1703 1982 1875 2024 dissensio,
1901 1995 2006 2028 quum
2031 1984 2091 2017 alii

166 2038 409 2077 Florentinum,
437 2038 495 2070 alii
519 2037 661 2076 Gallum,
688 2037 745 2070 alii
760 2037 947 2080 Hispanum
966 2036 1184 2069 Claudianum
1210 2048 1279 2069 esse
1303 2037 1498 2070 iudicarent.
1549 2036 1613 2076 Qui
1636 2037 1868 2071 Florentinum
1892 2050 1969 2071 eum
1986 2039 2091 2072 fuisse

164 2093 258 2128 nullo
282 2093 458 2127 vetustatis
489 2092 685 2126 documento
710 2090 845 2132 volunt,
880 2090 964 2124 nihil
998 2090 1088 2123 aliud
1112 2091 1231 2123 afferre
1255 2094 1394 2135 possunt
1418 2092 1483 2124 nisi
1507 2093 1752 2136 praefationem
1786 2092 1865 2125 libri
1889 2094 2024 2126 secundi
2050 2095 2092 2127 de

164 2152 265 2192 raptu
289 2148 527 2191 Proserpinae,
564 2147 622 2191 qui
659 2147 700 2179 ad
724 2145 955 2179 Florentinum
978 2145 1189 2182 inscribitur,
1227 2149 1260 2179 et
1296 2147 1457 2189 elegiam,
1493 2158 1578 2190 quae
1612 2147 1674 2180 sub
1699 2146 1875 2180 Claudiani
1901 2148 2091 2182 Florentini

164 2204 298 2237 nomine
322 2205 441 2237 exstat.

276 2257 382 2298 Quam
407 2258 552 2292 absurda
576 2268 614 2290 ea
639 2257 683 2289 sit
707 2256 828 2300 opinio,
853 2267 956 2300 quum
979 2267 1086 2300 neque
1102 2258 1137 2289 in
1155 2256 1329 2289 Claudiani
1353 2257 1520 2299 operibus,
1549 2268 1635 2300 quae
1659 2256 1776 2289 relicta
1800 2260 1888 2297 sunt,
1913 2269 2022 2302 neque
2047 2260 2090 2292 ab

165 2312 360 2358 aequalibus
384 2312 575 2345 Florentiae
600 2311 659 2344 fiat
683 2311 818 2350 mentio,
844 2311 961 2344 elucet.
1003 2311 1165 2345 Auctores
1190 2311 1321 2349 erroris,
1347 2322 1447 2354 quem
1472 2312 1570 2344 modo
1587 2311 1666 2351 dixi,
1692 2314 1770 2345 sunt
1793 2312 2005 2355 posteriores,
2027 2313 2091 2346 Pe-

164 2372 275 2403 trarca
299 2369 432 2412 aliique,
460 2369 518 2412 qui
543 2368 760 2402 Claudianum
793 2370 827 2400 et
850 2366 1079 2400 Florentinum
1105 2378 1208 2400 unum
1234 2367 1439 2411 eundemque
1463 2378 1535 2400 esse
1559 2370 1593 2400 et
1616 2366 1679 2401 hoc
1703 2379 1887 2411 cognomen
1912 2381 1933 2401 a
1956 2369 2094 2403 nomine

164 2424 293 2469 patriae
317 2423 409 2458 illius
434 2422 622 2457 derivatum
647 2424 819 2467 putarunt.

1828 2479 1841 2505 1
1856 2478 1870 2494 ,ε
