2311 2803
1028 88 1252 120 -15-

567 184 719 219 Pulveris
743 186 935 231 ambiguam
960 187 1082 222 nubem
1106 188 1316 232 speculamur
1339 189 1381 222 ab
1407 189 1484 222 altis

568 240 741 284 Turribus,
765 242 894 285 incerti,
920 244 1025 277 socios
1049 246 1204 288 apportet
1228 256 1269 278 an
1293 243 1405 278 hostes

563 296 624 331 Ille
646 297 786 342 globus3
811 301 956 333 mentem
980 311 1139 343 suspensa
1163 300 1296 333 silentia
1319 300 1455 340 librant,

564 351 678 386 Donec
701 352 858 397 pulvereo
882 354 944 388 sub
967 353 1102 388 turbine
1125 354 1242 389 sideris
1266 355 1373 389 instar

563 407 712 442 Emicuit
735 408 929 443 Stilichonis
954 421 1038 453 apex
1062 413 1096 444 et
1119 410 1254 454 cognita
1278 411 1374 444 fulsit

564 461 720 503 Canities,

344 519 379 550 et
402 516 458 558 25,
486 518 524 551 1:
565 516 647 551 Post
670 518 794 552 resides
818 530 923 553 annos
948 519 1050 564 longo
1074 519 1166 553 velut
1190 521 1297 554 excita
1322 532 1437 554 somno

613 572 773 607 Romanis
798 574 923 608 fruitur
946 577 1061 608 nostra
1086 574 1206 608 Thalia
1230 575 1350 609 choris.

566 628 708 673 Optatos
732 633 894 664 renovant
919 631 1032 664 eadem
1057 631 1139 664 mihi
1164 631 1309 664 culmina
1332 634 1444 665 coetus

611 683 773 718 Personat
797 687 831 718 et
853 687 934 719 noto
958 685 1080 729 Pythia
1104 688 1180 719 vate
1204 686 1330 719 domus.

566 739 719 774 Consulis
743 740 798 775 hic
822 741 927 775 fasces
951 741 1054 775 cecini
1079 741 1282 786 Libyamque
1306 743 1483 785 receptam.

611 796 675 829 Hic
701 796 782 829 mihi
806 797 982 840 prostratis
1006 796 1095 829 bella
1118 798 1265 830 canenda
1289 797 1391 830 Getis.

295 849 428 883 Bellum
460 850 611 884 Geticum
642 853 701 884 aut
734 862 847 894 pugna
870 851 1060 885 Pollentina
1092 863 1144 884 an.
1170 852 1246 885 403.
1281 852 1455 885 commissa
1491 854 1543 884 est
1570 854 1605 885 et
1636 851 1738 895 paulo
1771 855 1848 895 post
1871 863 2005 885 carmen
2029 863 2105 885 cum

179 903 387 948 praefatione
403 904 573 950 scriptum.
617 905 730 950 Atque
754 908 832 940 ante
849 906 883 940 id
899 907 1004 940 otium
1021 905 1169 950 plurium
1187 918 1348 940 annorum
1365 909 1510 940 statuam
1527 917 1598 941 esse
1614 907 1758 951 positam
1776 907 1832 948 25,
1851 906 1872 940 6
1896 905 2106 941 illustratur:

564 960 663 994 Prior
685 960 833 1005 effigiem
858 961 978 994 tribuit
1002 972 1170 995 successus
1194 962 1345 995 ahenam.

288 1014 342 1049 Ex
365 1026 403 1049 eo
427 1017 577 1059 tempore
601 1018 733 1059 poetam
759 1015 884 1049 Romae
907 1016 1029 1050 vixisse
1052 1016 1233 1050 verisimile
1257 1019 1316 1050 est.
1361 1016 1453 1056 Quod
1478 1017 1512 1049 in
1535 1016 1740 1060 panegyrico
1756 1016 1793 1049 in
1808 1019 1941 1050 sextum
1958 1016 2104 1051 Honorii

178 1070 388 1105 consulatum
413 1070 512 1105 huius
538 1083 579 1105 ex
604 1070 765 1105 Ravenna
792 1071 931 1105 Romam
955 1072 1020 1105 iter
1043 1072 1207 1115 copiosius
1231 1072 1396 1112 describit,
1421 1083 1488 1105 non
1510 1073 1561 1105 est
1583 1074 1785 1115 argumento
1801 1083 1877 1105 eum
1901 1072 1991 1106 inter
2014 1073 2105 1117 regis

179 1126 316 1160 comites
340 1126 462 1166 fuisse,
498 1138 602 1171 quum
628 1138 700 1160 eam
727 1126 845 1160 Italiae
878 1129 1007 1170 partem
1031 1127 1099 1160 iam
1124 1129 1220 1160 antea
1244 1129 1451 1171 peragrasset
1485 1127 1625 1171 ideoque
1648 1127 1782 1170 penitus
1805 1129 1979 1170 pernosset
2001 1130 2037 1161 et
2061 1128 2104 1162 ab

180 1181 255 1215 aliis
279 1185 415 1226 accepta
438 1194 603 1226 exponere
626 1185 747 1226 posset.

296 1237 345 1271 De
370 1236 499 1282 reliqua
523 1238 593 1270 vita
617 1237 726 1271 fontes
751 1240 830 1271 sunt
855 1237 932 1277 rari,
958 1248 975 1270 e
999 1237 1120 1281 quibus
1136 1237 1343 1276 hauriamus;
1370 1237 1434 1270 duo
1458 1239 1586 1270 restant
1610 1237 1769 1278 carmina,
1794 1248 1881 1281 quae
1893 1237 1964 1271 eius
1981 1238 2105 1272 aetatis

179 1297 268 1334 sunt,
292 1294 365 1327 laus
390 1293 533 1327 Serenae
571 1296 605 1327 et
637 1294 779 1337 epistola
802 1294 844 1326 ad
868 1293 1093 1333 Hadrianum,
1129 1293 1186 1337 qui
1210 1294 1298 1326 intra
1322 1306 1373 1327 an.
1401 1293 1478 1327 397.
1510 1296 1544 1326 et
1568 1294 1645 1326 405.
1670 1293 1834 1337 magister
1857 1293 2048 1327 officiorum
2070 1296 2106 1328 et

179 1348 367 1393 praefectus
384 1348 552 1393 praetorio
568 1349 658 1382 intra
674 1360 726 1382 an.
745 1349 822 1382 412.
840 1350 874 1381 et
889 1348 966 1381 416.
985 1348 1061 1388 fuit,
1079 1359 1096 1380 e
1113 1348 1232 1391 quibus
1249 1348 1449 1380 carminibus
1464 1359 1570 1391 pauca
1586 1347 1746 1391 colligere
1761 1348 1946 1392 possimun
1972 1348 2107 1381 aliunde

182 1404 268 1437 nihil
294 1404 375 1438 certi
399 1404 577 1437 memoriae
602 1406 652 1437 est
675 1404 853 1447 proditum.
902 1403 990 1443 Quin
1014 1403 1087 1436 laus
1111 1402 1253 1436 Serenae
1276 1403 1457 1437 Stilichone
1480 1404 1556 1436 vivo
1581 1415 1620 1436 ac
1643 1403 1785 1437 florente
1808 1404 1854 1437 sit
1877 1406 2015 1448 coepta,
2038 1415 2106 1437 non

179 1461 230 1492 est
252 1458 412 1498 dubium;
437 1469 515 1491 nam
533 1458 586 1499 29,
613 1457 657 1492 82
681 1470 750 1492 rem
774 1458 941 1502 integram
968 1469 1005 1491 ac
1029 1458 1198 1491 florentem
1225 1458 1394 1491 fortunam
1419 1459 1546 1501 spirat:

783 1512 862 1546 Alio
886 1515 958 1546 tum
982 1524 1104 1556 parvus
1128 1513 1162 1545 in
1187 1524 1248 1545 axe

563 1566 739 1600 Crescebat
762 1566 904 1600 Stilicho
927 1569 1064 1610 votique
1088 1567 1225 1610 ignarus
1250 1567 1382 1611 agebat,

562 1620 686 1655 Debita
707 1621 760 1654 cui
784 1621 885 1665 longe
909 1621 1030 1655 coniux
1056 1621 1253 1665 penitusque
1277 1623 1403 1654 remoto

563 1676 652 1709 Orbe
676 1677 859 1719 parabatur
882 1677 969 1709 tanti
994 1676 1168 1709 concordia
1192 1676 1265 1716 fati,

178 1733 212 1765 et
235 1731 290 1773 29,
317 1730 402 1765 177:

609 1786 656 1819 Te
679 1798 745 1819 non
770 1785 991 1829 Hesperidum
1016 1786 1132 1828 pomis,
1157 1796 1224 1818 non
1249 1797 1344 1818 amne
1368 1785 1516 1826 subacto,

562 1841 640 1876 Non
665 1852 813 1876 socerum
838 1840 976 1875 fallente
1000 1842 1083 1881 rota,
1109 1840 1165 1874 sed
1189 1840 1296 1875 iudice
1320 1840 1442 1886 dignus

565 1898 719 1941 Augusto
743 1897 844 1930 variis
869 1896 1009 1930 Stilicho
1034 1898 1202 1939 spectatus
1224 1895 1261 1928 in
1285 1896 1387 1929 armis

563 1952 696 1997 Accipit
719 1954 753 1987 et
776 1952 872 1997 regni
896 1951 991 1985 dotes
1015 1951 1140 1985 virtute
1164 1951 1305 1995 paravit.

610 2009 714 2052 Saepe
737 2008 835 2041 duces
860 2008 995 2040 meritas
1021 2006 1109 2040 bello
1132 2007 1280 2040 tribuere
1304 2018 1451 2040 coronas.

564 2064 663 2097 Hunc
687 2063 792 2107 cingit
815 2063 952 2096 muralis
977 2062 1093 2101 honos,
1118 2062 1207 2095 hunc
1231 2062 1335 2095 civica
1359 2073 1500 2105 quercus

566 2118 703 2158 Nexuit,
729 2118 818 2151 hunc
841 2117 976 2151 domitis
1000 2117 1107 2150 ambit
1130 2119 1275 2150 rostrata
1299 2117 1430 2150 carinis.

566 2173 663 2207 Solus
686 2173 827 2207 militiae
849 2173 934 2206 mira
958 2172 1107 2206 mercede
1130 2172 1276 2216 iugalem

565 2218 755 2263 Promeruit
778 2228 919 2262 Stilicho
942 2238 1056 2260 socero
1080 2226 1245 2259 referente
1268 2237 1435 2266 coronam,

181 2288 215 2320 et
239 2285 293 2327 29,
321 2286 406 2320 195:

567 2340 616 2375 Ut
639 2351 767 2385 semper
790 2339 909 2373 merito
933 2338 1096 2382 princeps,
1121 2348 1193 2371 cum
1220 2347 1342 2380 magna
1366 2335 1519 2377 dedisset,

567 2397 710 2430 Deberet
733 2397 857 2429 maiora
880 2397 1002 2427 tamen.

296 2452 436 2488 Carmen
465 2452 620 2487 mutilum
655 2453 689 2486 et
712 2451 781 2485 sine
805 2449 905 2485 dubio
934 2448 1126 2483 Stilichonis
1159 2447 1257 2482 caede
1281 2449 1332 2481 est
1362 2446 1607 2491 interruptum3
1632 2457 1706 2481 sero
1730 2446 1765 2481 id
1788 2446 1917 2481 factum
1942 2457 2013 2481 esse
2036 2447 2107 2491 pri-

181 2510 246 2544 mis
270 2510 436 2544 versibus:
