2311 2803
1025 11 1063 16 -
1114 0 1135 26 9
1186 11 1226 17 .-

284 89 374 130 Quas
410 101 463 123 res
489 90 587 124 modo
613 90 701 131 dixi,
729 91 829 135 paulo
864 94 940 136 post
967 92 1144 125 Theodosii
1181 96 1320 126 mortem
1358 95 1436 125 sunt
1467 93 1586 126 factae.
1636 92 1684 125 Et
1718 102 1923 136 quamquam
1949 90 1992 123 ab
2017 90 2094 122 aliis

162 147 276 182 audita
298 148 425 187 narrat,
450 148 571 186 tamen,
595 146 625 180 si
648 146 764 191 procul
790 147 952 182 abfuisset
975 160 1082 193 neque
1107 148 1177 192 ipse
1199 148 1234 182 in
1259 149 1376 183 castris
1401 148 1582 189 adfuisset,
1608 147 1719 182 minus
1743 149 1902 181 accurate
1926 156 2095 191 exponere

164 204 286 247 posset.
336 203 448 246 Atque
470 202 685 246 inscriptione
710 205 851 244 statuae,
877 204 917 236 de
941 215 1007 247 qua
1031 204 1122 237 infra
1145 203 1352 243 disseremus,
1379 203 1598 237 Claudianum
1623 202 1797 236 tribunum
1823 221 1869 226 —
1892 201 1972 235 trib.
2002 201 2093 234 mili-

161 260 235 293 tum
268 277 311 283 —
343 257 446 292 fuisse
477 257 641 292 docemur.
691 257 797 299 Quam
824 258 1072 303 inscriptionem
1099 259 1277 305 genuinam
1301 270 1371 293 esse
1402 270 1517 293 omnes
1543 258 1641 292 hodie
1676 257 1902 299 consentiunt,
1938 267 2092 300 praeser-

164 313 226 345 tim
251 324 354 356 quum
377 315 475 356 poeta
497 313 568 356 ipse
583 316 819 347 commemoret
842 314 897 354 25,
924 314 961 347 8:

547 367 611 402 Sed
635 368 729 413 prior
751 368 898 414 effigiem
922 369 1043 403 tribuit
1065 381 1233 403 successus
1257 369 1408 409 ahenam,

548 422 682 467 Oraque
704 423 864 467 patricius
887 426 1002 457 nostra
1026 424 1149 458 dicavit
1173 424 1287 458 honos.

280 477 403 517 Quodsi
427 480 526 521 poeta
549 477 613 511 hoc
640 477 713 511 loco
738 477 886 523 effigiem
905 481 939 511 et
972 479 1133 512 honorem
1160 480 1339 523 patricium
1362 479 1566 514 carminibus
1596 492 1632 513 se
1655 481 1873 513 consecutum
1902 489 1974 512 esse
2008 488 2086 520 pro-

163 532 309 572 nuntiat,
333 532 532 567 tribuniciae
557 532 732 578 dignitatis
755 533 956 567 mentionem
982 545 1047 567 non
1074 534 1165 574 facit,
1191 534 1281 567 haud
1298 535 1396 568 dubie
1413 536 1479 568 iam
1505 537 1603 568 antea
1625 534 1783 567 tribunus
1808 533 1885 567 fuit.
1935 531 1972 566 Si
1989 534 2090 565 antea

165 587 290 621 honore
313 588 494 622 tribunicio
518 587 596 628 fuit,
620 588 709 622 hunc
732 589 854 622 militia
877 588 948 622 sola
972 589 1103 622 meruit.
1155 588 1361 633 Dignitatem
1387 601 1453 622 non
1489 590 1588 622 inane
1621 600 1743 622 nomen
1767 588 1871 622 fuisse
1906 587 2089 633 intelliges,

166 654 267 687 quum
293 643 400 677 aulica
417 643 563 689 dignitas
580 643 752 677 Claudiani
769 644 891 677 notarii
916 646 1014 683 esset,
1039 656 1124 688 quae
1140 644 1256 677 ordine
1280 645 1446 678 senatorio
1469 643 1661 678 exornabat.
1710 644 1785 677 Duo
1810 646 1923 677 autem
1949 653 2090 676 munera

164 709 235 732 esse
258 709 299 732 ex
323 698 547 742 inscriptionis
572 699 677 743 ipsius
702 699 809 733 verbis
836 699 993 739 „tribuno
1026 702 1060 732 et
1083 700 1235 733 notario“
1261 710 1459 743 cognosces,
1493 711 1578 743 quae
1602 699 1775 733 tribunum
1800 698 2010 733 notariorum
2034 698 2088 731 in·

165 754 275 798 telligi
300 756 419 787 vetent.
471 755 581 797 Atque
605 758 703 797 poeta
727 756 798 798 ipse
822 755 904 788 duos
928 755 1093 794 honores,
1129 755 1318 798 ubicunque
1342 757 1589 794 commemorat,
1615 755 1773 798 seiungit,
1798 756 1837 788 ut
1853 755 1909 794 30,
1936 755 1957 787 5
1984 755 2019 787 et
2045 753 2088 788 6:

550 807 613 841 Hic
636 808 755 849 socius,
779 809 846 841 dux
870 808 927 842 ille
953 808 1034 841 mihi
1061 809 1233 853 nostrique
1257 819 1316 852 per
1340 809 1450 841 aulam

592 863 726 896 Ordinis
751 864 806 897 hic
829 875 964 897 consors
989 864 1118 903 emicat,
1142 863 1200 896 ille
1225 864 1325 906 prior.

165 916 219 957 30,
236 916 258 951 8
283 917 421 958 „militis
445 918 623 962 obsequio‘
651 918 789 951 militem
815 918 1001 963 significat3
1028 918 1118 951 idem
1146 917 1200 959 39,
1218 917 1260 952 51
1288 920 1322 951 et
1352 918 1395 951 52
1420 920 1624 951 monstrant:

548 973 649 1017 Eripe
673 974 808 1007 calcatis
832 985 897 1006 non
924 985 1082 1017 prospera
1106 973 1241 1017 cingula
1264 974 1376 1006 musis.

548 1029 650 1071 Eripe
674 1028 839 1061 militiam.
881 1028 1045 1062 Comitem
1070 1039 1123 1061 me
1147 1028 1232 1071 pelle
1256 1028 1388 1067 sodalis,

161 1083 249 1117 idem
278 1083 330 1124 16,
357 1083 401 1117 6:
1036 1123 1038 1126 ,

548 1138 727 1183 Tota(que)
752 1139 819 1172 iam
844 1140 929 1172 vatis
954 1142 1091 1182 pectora
1115 1138 1209 1171 miles
1234 1138 1344 1171 habet.

300 1194 418 1240 Neque
442 1206 521 1229 vero
538 1194 739 1229 Claudianus
764 1198 840 1239 post
864 1194 1042 1229 adventum
1060 1192 1201 1227 Romam
1226 1193 1279 1227 vel
1303 1194 1338 1227 in
1355 1193 1485 1227 Italiam
1512 1206 1604 1228 arma
1629 1194 1785 1227 sumsisse
1811 1205 1853 1227 ex
1876 1192 2087 1238 praefatione

162 1251 198 1282 in
223 1251 280 1283 lib.
305 1250 366 1283 ΙΙΙ.
392 1251 433 1283 de
466 1251 641 1283 consulatu
666 1250 859 1283 Stilichonis
883 1250 1062 1293 colligitur,
1088 1250 1146 1281 ubi
1170 1261 1204 1281 se
1227 1261 1301 1281 cum
1326 1250 1453 1283 Ennio.
1487 1251 1607 1282 comite
1631 1249 1797 1291 Scipionis
1821 1250 1969 1288 maioris,
1994 1261 2087 1282 com-

163 1307 259 1349 parat
282 1304 337 1345 23,
367 1305 432 1338 21:

550 1360 673 1392 Noster
697 1359 864 1402 Scipiades
888 1359 1038 1398 Stilicho,
1065 1372 1131 1402 quo
1155 1360 1299 1392 concidit
1324 1359 1409 1392 alter

593 1413 772 1452 Hannibal,

162 1474 196 1504 et
219 1482 260 1504 ex
284 1471 338 1512 23,
368 1471 412 1504 23
436 1473 469 1504 et
493 1471 558 1504 24:

549 1524 597 1557 Te
619 1523 704 1557 mihi
727 1526 804 1567 post
826 1524 945 1567 quinos
969 1534 1142 1561 annorum,
1168 1523 1284 1562 Roma,
1310 1534 1462 1555 recursus

594 1579 750 1614 Reddidit
773 1581 807 1613 et
831 1579 917 1614 votis
941 1578 1039 1613 iussit
1061 1578 1175 1613 adesse
1199 1578 1277 1612 suis.

282 1635 372 1673 Quae
397 1635 508 1667 omnia
522 1659 531 1674 ,
566 1634 652 1666 idem
676 1636 817 1677 tempus,
843 1636 959 1676 poetae
982 1637 1137 1666 accurata
1161 1634 1231 1666 eius
1255 1633 1335 1665 belli
1359 1644 1557 1676 earumque,
1594 1645 1680 1676 quae
1703 1637 1836 1666 secutae
1860 1637 1948 1672 sunt,
1975 1645 2085 1666 rerum

166 1691 323 1735 cognitio,
349 1690 455 1723 honos
478 1690 694 1729 tribunicius,
735 1700 801 1733 quo
825 1689 892 1722 iam
915 1689 1181 1723 adolescentulus
1204 1688 1373 1732 praeditus
1398 1690 1489 1729 erat,
1522 1688 1654 1727 itinera,
1680 1699 1766 1732 quae
1790 1700 1921 1722 summa
1944 1698 2089 1733 geogra-

165 1745 337 1790 phicarum
362 1756 471 1778 rerum
496 1744 634 1778 scientia
657 1744 792 1777 uberius
816 1744 990 1783 describit,
1016 1743 1135 1787 peritia
1166 1743 1213 1775 rei
1239 1743 1395 1775 militaris
1420 1754 1495 1775 eum
1520 1743 1681 1775 militasse
1705 1745 1739 1775 et
1763 1743 1852 1776 bello
1876 1745 1994 1776 contra
2015 1742 2087 1776 Eu-

167 1801 302 1845 genium
326 1800 379 1834 vel
404 1800 626 1843 Arbogastem
651 1799 795 1843 gerendo
820 1798 1012 1832 interfuisse
1035 1798 1200 1831 evincunt.

273 1855 397 1889 Eodem
423 1855 583 1888 adventus
607 1865 694 1887 anno
718 1854 838 1887 Latina
860 1854 1008 1887 carmina
1032 1853 1140 1886 facere
1164 1853 1282 1895 coepit,
1309 1855 1346 1884 ut
1368 1853 1439 1895 ipse
1463 1852 1518 1893 42,
1545 1852 1587 1885 14
1612 1853 1726 1886 docet:

545 1909 712 1943 Romanos
734 1909 879 1943 bibimus
904 1909 1048 1952 primum
1072 1911 1106 1941 te
1130 1907 1305 1951 (Probino)
1332 1907 1466 1941 consule
1489 1907 1599 1941 fontes

577 1964 639 1996 ‘Et
661 1963 775 1996 Latiae
798 1963 897 1996 cessit
920 1962 1021 1996 Graia
1045 1962 1165 1994 Thalia
1188 1964 1297 2005 togae,

550 2019 779 2063 Incipiensque
802 2019 869 2053 tuis
893 2031 913 2053 a
936 2017 1081 2053 fascibus
1107 2018 1219 2051 omina
1242 2017 1345 2061 coepi.

274 2074 424 2115 Carmen,
449 2074 537 2118 quod
561 2074 762 2108 Claudianus
785 2074 875 2113 dicit,
900 2075 1027 2111 exstat3
1064 2072 1284 2116 panegyricus
1315 2074 1366 2104 est
1397 2072 1432 2104 in
1459 2071 1595 2105 Probini
1619 2075 1653 2105 et
1680 2073 1812 2116 Olybrii
1837 2074 1985 2108 fratrum
2009 2086 2090 2109 con·

165 2130 320 2164 sulatum.
369 2129 398 2164 Ii
424 2129 562 2163 Aniciae
586 2129 694 2173 gentis
717 2131 823 2169 erant,
848 2128 910 2161 filii
933 2127 1072 2161 Probini
1095 2126 1196 2166 illius,
1222 2138 1321 2171 quem
1346 2129 1384 2160 ut
1409 2127 1570 2168 viderent,
1594 2128 1676 2161 duos
1702 2128 1837 2173 regulos
1860 2141 1902 2164 ex
1915 2130 1998 2165 Asia
2017 2130 2089 2166 Me-

166 2185 334 2219 diolanum
359 2184 487 2217 venisse
513 2183 671 2216 Paulinus
694 2183 728 2215 in
753 2182 822 2215 vita
845 2181 1013 2215 Ambrosii
1037 2182 1216 2215 memoriae
1247 2182 1369 2225 prodit.
1420 2181 1572 2226 Utroque
1597 2182 1859 2217 familiarissime
1882 2184 2089 2219 Claudianus

165 2240 291 2279 utitur3
326 2241 503 2283 supersunt
534 2239 618 2271 duae
642 2237 818 2281 epistulae,
850 2237 956 2270 altera
979 2237 1020 2270 ad
1048 2235 1246 2280 Orybrium,
1273 2237 1389 2277 altera,
1415 2238 1509 2271 cuius
1534 2240 1602 2271 tres
1627 2249 1740 2272 versus
1764 2239 1863 2273 modo
1888 2241 1988 2275 attuli
2002 2268 2010 2280 .
2048 2242 2090 2275 ad

164 2294 347 2330 Probinum
374 2294 507 2339 scripta,

275 2351 368 2391 Quod
393 2350 561 2383 Merianus
585 2361 640 2383 eos
665 2349 865 2387 Claudiano,
891 2352 928 2381 ut
952 2348 1071 2381 Latina
1107 2349 1255 2381 carmina
1279 2350 1508 2391 componeret,
1543 2350 1745 2392 persuasisse
1770 2351 1978 2394 suspicatur,
2004 2352 2091 2386 nihil

166 2407 387 2451 opposuerim,
413 2417 486 2440 cum
513 2416 635 2443 versus,
661 2415 742 2449 quos
766 2403 874 2443 attuli,
900 2403 970 2437 eius
994 2404 1142 2447 opinioni
1167 2415 1233 2437 non
1258 2404 1411 2444 obstent,
1437 2415 1639 2449 quamquam
1665 2407 1756 2438 certa
1779 2405 1821 2439 ad
1845 2417 1919 2440 eam
1943 2406 2093 2452 proban-

1853 2461 1871 2488 2
