2311 2803
1056 99 1260 132 -4-

314 196 517 238 Florentino,
549 199 620 231 viro
644 198 838 239 clarissimo,
864 201 923 243 qui
947 211 999 232 an.
1025 203 1101 242 post
1117 200 1230 233 Christ
1253 203 1321 232 nat.
1348 200 1425 232 396.
1443 200 1631 242 praefectus
1655 199 1748 231 urbis
1771 198 1838 231 fuit
1861 200 1896 230 et
1919 198 2012 230 cuius
2036 197 2123 230 liber

195 252 236 284 de
261 264 297 285 re
321 254 447 285 rustica
471 254 558 295 apud
576 253 717 286 Graecos
742 254 889 286 studiose
914 255 1098 297 legebatur,
1124 254 1354 288 familiaritate
1377 253 1573 287 coniunctus
1597 255 1669 287 erat
1686 252 1899 287 Claudianus.
1948 250 2121 285 Praefatio

195 306 269 350 ipsa
305 306 391 340 nihil
426 307 551 341 indicat
586 306 650 341 nisi
687 310 838 351 poetam,
872 310 911 341 ut
941 307 1093 352 Orpheus
1124 311 1222 342 cantu
1256 308 1458 352 aliquamdiu
1482 307 1672 340 intermisso
1706 307 1749 340 ab
1773 306 1918 340 Hercule
1942 307 1985 339 ad
2014 307 2121 351 lyram

196 362 394 394 sumendam
418 363 581 395 excitatus
615 366 684 402 est,
719 364 767 396 sic
796 375 815 395 a
840 363 1034 396 Florentino
1058 365 1100 397 ad
1132 376 1232 407 opera
1255 362 1477 396 continuanda
1511 373 1582 395 esse
1605 362 1803 404 permotum.
1852 360 1973 405 Elegia
1996 363 2121 403 autem,

197 428 300 461 quam
324 418 423 451 modo
448 417 526 460 dixi,
552 417 695 452 alterum
719 420 888 452 auctorem
913 418 1075 463 suspicari
1098 418 1208 464 cogit,
1234 416 1427 463 praesertim
1451 427 1525 450 cum
1551 414 1681 460 aliquot
1705 414 1772 448 alia
1796 416 1946 449 carmina
1962 416 2119 450 Claudia-

194 483 268 513 nea,
296 484 381 516 quae
405 473 587 507 christiano
611 475 732 517 spiritu
756 477 836 507 sunt
859 475 993 517 scripta,
1018 475 1142 517 pariter
1167 475 1263 507 alteri
1288 473 1470 507 Claudiano
1494 472 1695 505 tribuantur.

311 526 456 561 Omnino
480 540 576 569 vero,
603 528 661 573 qui
689 527 909 562 Claudianum
943 528 978 561 in
1007 527 1117 562 Gallia
1151 531 1266 562 natum
1291 530 1445 568 sumunt,
1480 526 1685 561 fabulantur.
1726 525 1798 560 Nec
1823 526 1932 563 minus
1955 526 2041 560 falso
2065 526 2121 560 hic

193 585 293 626 poeta
318 593 380 626 pro
405 582 557 626 Hispano
583 583 732 616 habetur.
782 583 871 616 Nam
896 584 968 627 ipso
992 585 1100 626 patrio
1125 596 1286 624 sermone,
1309 595 1410 627 quum
1436 585 1548 626 poeta,
1581 582 1775 626 priusquam
1799 582 1834 616 in
1857 581 1992 616 Italiam
2016 582 2118 623 venit,

197 637 324 671 Graeca
341 638 459 682 lingua
475 640 657 680 cecinisset,
683 639 792 679 Italia,
820 638 939 680 Gallia,
965 639 1128 683 Hispania
1141 639 1314 674 refutatur.
1364 637 1484 682 Opinio
1501 639 1575 671 orta
1591 639 1650 678 est,
1676 636 1765 681 quod
1781 636 1990 682 Hispaniam,
2015 647 2119 682 quae-

194 704 326 737 cunque
351 694 479 726 occasio
503 694 664 733 occurrit,
700 695 838 726 summis
870 694 1024 727 laudibus
1048 695 1153 727 effert.
1202 695 1249 728 At
1282 696 1336 727 vix
1361 705 1556 737 quemquem
1581 692 1780 735 Hispaniam
1804 695 2004 736 propterea,
2029 693 2119 736 quod

196 748 387 788 Theodosii,
414 748 566 790 Honorii,
592 749 733 783 Serenae
757 750 801 783 sit
817 750 937 793 patria,
964 750 1091 784 laudari
1116 750 1263 795 effugiet.
1302 749 1473 793 Opinionis
1498 759 1652 789 errorem,
1677 758 1745 792 qua
1768 746 1803 781 in
1829 746 1995 792 Hispania
2016 746 2117 782 Clau-

195 802 333 836 dianum
358 815 428 836 esse
452 806 568 837 natum
594 806 724 847 putant,
750 804 824 838 Nic.
860 805 1028 838 Antonius
1053 806 1132 839 bibl.
1160 806 1254 850 Hisp.
1280 809 1343 839 vet.
1370 805 1430 846 ΙΙΙ,
1456 806 1486 845 5,
1517 805 1581 838 114
1604 815 1680 848 pag.
1712 804 1780 838 200
1804 804 1951 838 ostendit
1975 806 2009 837 et
2034 804 2117 838 Ale·

194 858 355 892 xandriae
371 859 531 891 honorem
550 859 740 899 vindicavit,
766 860 859 892 cuius
876 860 1067 892 auctoritati
1085 860 1183 893 hodie
1204 872 1317 894 omnes
1333 860 1567 899 assentiuntur,
1593 870 1696 903 quum
1721 861 1755 892 et
1771 859 1871 892 certis
1898 858 1980 893 locis
1996 859 2119 894 Suidae

193 912 324 947 nitatur
339 913 484 947 —illud
509 913 637 948 Sidonii
653 913 868 958 Appolinaris
893 926 991 948 carm.
1018 914 1076 955 IX,
1097 915 1138 949 13
1164 927 1235 949 vers
1259 916 1343 949 274:

310 968 438 1012 ‚(Non)
461 969 631 1002 Pelusiaco
656 972 748 1002 satus
779 969 912 1012 Canopo
946 971 1024 1011 (tibi
1056 971 1220 1013 legetur)“
1247 983 1310 1004 non
1335 974 1499 1015 repugnat
1531 990 1571 995 —
1598 973 1631 1004 et
1656 970 1831 1004 Claudiani
1863 971 1968 1014 ipsius
2007 970 2117 1004 verbis

190 1023 406 1057 confirmetur
431 1024 486 1064 39,
519 1025 579 1057 16:

582 1078 751 1111 Pellaeum
777 1080 928 1111 iuvenem
954 1091 1068 1123 regum
1094 1081 1213 1113 flexere
1238 1082 1367 1120 ruinae,

584 1133 727 1167 Dareum
752 1134 886 1167 famulis
912 1135 1065 1168 manibus
1090 1135 1232 1169 doluisse
1255 1138 1436 1179 peremtum

582 1186 703 1220 Fertur
727 1190 760 1221 et
784 1188 916 1230 ingenti
940 1189 1066 1222 solatus
1091 1191 1161 1222 fata
1185 1191 1344 1233 sepulcro.

580 1241 719 1275 Tradita
743 1243 874 1286 captivo
899 1243 1076 1287 spatiosior
1101 1244 1196 1278 [ndia
1223 1245 1315 1279 Poro.

579 1297 740 1331 Conditor
764 1299 818 1332 hic
843 1301 980 1342 patriae.

308 1351 435 1392 Quibus
471 1353 619 1386 versibus
650 1353 744 1386 lectis
779 1355 830 1386 eui
862 1366 927 1387 non
952 1356 986 1387 in
1011 1359 1154 1388 mentem
1192 1357 1284 1389 venit
1309 1356 1555 1390 Alexandriae?
1594 1356 1664 1390 Nec
1687 1357 1797 1390 minus
1822 1356 1966 1392 dilucide
1990 1358 2045 1397 39,
2071 1357 2115 1392 56

189 1407 276 1440 idem
302 1407 457 1441 docetur:

581 1463 706 1495 Audiat
731 1464 792 1496 hoc
817 1475 990 1497 commune
1015 1465 1121 1497 solum
1147 1466 1311 1509 longeque
1334 1467 1453 1500 carinis

578 1516 670 1551 Nota
695 1517 824 1551 Pharos
849 1518 1050 1562 flentemque
1074 1519 1218 1554 attolens
1243 1521 1376 1565 gurgite
1400 1521 1527 1556 vultum

581 1572 707 1606 Nostra
732 1576 846 1615 gemat
870 1572 969 1606 Nilus
994 1576 1177 1608 numerosis
1202 1576 1318 1610 funera
1342 1577 1431 1620 ripis.

191 1626 247 1668 43,
275 1627 290 1661 1
319 1627 376 1660 alii
401 1629 600 1672 argumento
624 1630 693 1661 est:

577 1682 695 1716 Italiae
717 1695 890 1716 commune
915 1685 1024 1724 decus,
1049 1685 1230 1719 Rubiconis
1255 1688 1382 1720 amoeni

575 1736 700 1777 Incola,
726 1736 868 1771 Romani
894 1738 984 1771 fama
1008 1740 1150 1772 secunda
1175 1740 1249 1780 fori,

577 1792 754 1826 Graiorum
780 1793 912 1836 populis
936 1797 969 1827 et
993 1797 1107 1828 nostro
1131 1796 1263 1840 cognite
1288 1796 1375 1831 Nilo.

306 1845 419 1880 Verba
435 1847 689 1887 „nostro-Nil&
709 1848 862 1892 opposita
879 1849 988 1881 verbis
1008 1848 1154 1890 „Italiae
1173 1850 1385 1892 Rubiconis‘,
1409 1853 1569 1894 „Romani
1586 1856 1672 1889 fori“
1688 1856 1908 1896 „Gmiorum‘
1928 1860 1962 1891 et
1978 1858 2114 1902 proprio

190 1913 288 1935 sensu
315 1902 404 1936 dicta
427 1905 515 1943 sunt,
541 1914 608 1936 non
633 1903 756 1943 eodem,
782 1915 849 1947 quo
876 1904 928 1944 18,
954 1905 1039 1938 395:

575 1957 738 1991 Nostrum
762 1959 869 1999 video,
895 1959 1097 2001 Germanice,
1125 1960 1287 2004 Rhenum,

189 2024 256 2055 quo
280 2013 353 2046 loco
380 2013 487 2046 Roma
511 2015 619 2046 terras
645 2013 839 2047 Stilichonis
864 2015 964 2048 armis
989 2016 1131 2049 domitas
1155 2020 1187 2051 et
1209 2022 1340 2061 pacatas
1365 2025 1517 2056 numerat
1541 2025 1574 2056 et
1599 2025 1756 2057 ostentat.

305 2066 402 2106 Quod
427 2067 517 2101 aliud
542 2070 777 2111 argumentum
803 2068 971 2102 Merianus
1004 2072 1036 2103 et
1061 2070 1117 2103 alii
1143 2071 1302 2115 afferunt,
1334 2075 1549 2110 eruditionem
1564 2103 1572 2118 ,
1597 2079 1625 2111 si
1650 2090 1717 2112 non
1743 2079 1898 2123 patriam,
1923 2082 1959 2112 at
1983 2078 2113 2113 scholas

187 2122 434 2155 Alexandrinas
468 2122 552 2156 mihi
584 2124 758 2157 ostendere
782 2124 922 2158 videtur.
974 2125 1083 2166 Nam,
1119 2138 1203 2171 quae
1228 2134 1413 2172 supersunt,
1439 2133 1595 2174 carmina,
1624 2133 1767 2169 Graecas
1793 2135 1843 2168 vel
1867 2134 2113 2169 Alexandrinas

185 2177 318 2212 scholas
343 2177 490 2222 sapiunt,
516 2189 583 2213 non
607 2178 718 2212 minus
743 2191 843 2223 quam
869 2179 1059 2224 Virgilium,
1086 2181 1249 2225 Ovidium,
1276 2185 1357 2219 alios
1382 2190 1496 2231 poetas
1521 2187 1700 2224 Romanos.
1748 2189 1795 2223 Et
1811 2189 1937 2224 Sidonii
1953 2190 2111 2236 Appolli-

184 2233 278 2266 naris
302 2234 449 2266 carmine
474 2234 515 2266 ad
541 2234 695 2274 Felicem,
715 2235 745 2273 9,
766 2236 807 2267 13
825 2247 908 2268 vers.
933 2237 1011 2276 274,
1037 2248 1103 2280 quo
1128 2238 1216 2271 hunc
1241 2244 1371 2282 poetam
1392 2243 1586 2282 „Pelusiaco
1604 2248 1714 2278 satum
1732 2245 1887 2289 Canapo“
1913 2247 2009 2288 dixit,
2033 2259 2112 2291 pro-

185 2287 306 2327 batur3
333 2287 461 2332 Canopi
484 2289 535 2322 est
560 2290 669 2327 natus,
695 2289 802 2323 literis
828 2289 976 2324 imbutus
1001 2293 1034 2324 et
1058 2293 1204 2327 eruditus
1235 2295 1462 2332 Alexandriae.

298 2342 443 2376 Claverii
480 2343 594 2386 opinio
630 2346 748 2387 poetae
779 2347 907 2388 patrem
931 2346 1150 2381 Claudianum
1185 2349 1415 2395 philosophum
1449 2355 1545 2388 illum
1571 2356 1673 2389 fuisse
1687 2382 1695 2396 ,
1730 2357 1823 2390 cuius
1857 2358 1981 2391 mentio
2005 2358 2044 2391 fit
2068 2359 2111 2392 ab

182 2397 340 2443 Eunapio
363 2398 399 2432 in
424 2398 585 2441 Maximo,
611 2399 723 2444 magni
751 2400 912 2433 momenti
936 2401 1019 2434 mihi
1043 2413 1113 2436 esse
1130 2415 1196 2437 non
1214 2405 1353 2449 videtur,
1378 2420 1452 2443 cum
1477 2410 1584 2445 fundo
1610 2414 1742 2452 careatz
1769 2423 1889 2446 nomen
1914 2413 2001 2447 enim
2024 2413 2112 2447 idem

182 2454 338 2498 idemque
363 2457 496 2499 tempus
520 2456 577 2488 vix
601 2457 886 2489 accommodatum
911 2457 953 2490 ad
978 2459 1239 2500 persuadendum
1264 2463 1397 2498 reddere
1422 2469 1563 2509 possunt
1588 2468 1828 2503 testimonium.
1879 2467 1944 2509 Qui
1960 2468 2113 2503 Romano

180 2520 303 2552 genere
327 2510 508 2544 oriundum
533 2513 663 2555 patrem
681 2511 919 2545 Alexandriam
938 2513 1140 2558 demigrasse
1156 2518 1289 2559 putant,
1315 2519 1399 2552 nihil
1424 2523 1613 2566 argumenti
1639 2523 1681 2557 ad
1697 2523 1903 2566 probandam
1920 2525 2110 2569 opinionem
