2311 2803
1033 67 1259 101 -12-

572 172 735 206 Omnibus
761 173 914 206 audimur
938 170 1036 204 terris
1061 169 1241 213 mundique
1266 180 1325 211 per
1348 178 1445 200 aures

616 228 754 269 Ibimus,

181 287 215 316 et
240 283 294 319 25,
323 284 366 317 3:

571 338 715 382 Optatos
740 341 903 373 renovant
927 338 1039 371 eadem
1065 336 1147 369 mihi
1172 334 1318 368 culmina
1342 335 1464 372 coetus,

618 392 782 427 Personat
806 395 840 427 et
864 396 943 426 noto
971 391 1091 435 Pythia
1116 393 1191 423 vate
1215 389 1340 427 domus,

183 452 217 482 et
241 450 297 490 25,
328 449 393 483 13:

619 502 714 544 Quod
739 503 884 549 legimur
909 503 1016 537 medio
1041 501 1307 545 conspiciumque
1332 498 1415 531 foro.

572 558 635 593 Cui
659 571 727 592 non
752 560 786 592 in
811 561 956 592 mentem
981 558 1071 591 venit
1096 556 1230 590 Horatii
1254 554 1353 588 illud:

621 614 728 658 Exegi
753 616 1006 647 monumentum
1031 624 1106 646 aere
1129 611 1306 656 perennius
1329 610 1419 642 etc?

300 670 343 703 40
368 681 403 703 se
428 681 502 704 cum
530 669 667 713 Orpheo
691 671 864 713 comparat
889 680 974 702 vers.
1004 669 1066 702 83:

574 723 638 757 Sed
664 724 752 767 quod
777 723 932 756 Threicio
956 723 1046 756 Juno
1071 723 1243 766 placabilis
1267 720 1400 764 Orphei,

620 777 694 811 Hoc
718 779 842 821 poteris
867 778 953 811 votis
977 789 1056 817 esse,
1082 776 1213 817 Serena,
1241 776 1331 809 meis.

305 834 351 866 At
375 844 442 865 non
467 833 575 866 solum
600 835 666 866 arti
690 834 849 876 poeticae,
874 833 930 866 sed
955 833 1052 865 rebus
1075 844 1095 865 a
1121 843 1155 864 se
1179 830 1318 864 cantatis
1361 830 1410 862 vel
1437 829 1592 862 canendis
1621 840 1754 861 causam
1780 828 1887 860 laudis
1911 827 2114 870 plaususque

184 888 306 922 tribuit
331 888 386 926 25,
412 888 455 921 5:

576 942 734 975 Materies
759 946 869 976 tamen
894 943 967 985 ipsa
991 942 1084 974 iuvat
1107 942 1307 984 solitumque
1332 940 1462 973 timoris

622 996 763 1029 Dicturo
788 1007 913 1039 magna
936 996 1049 1028 sedula
1073 998 1166 1037 parte
1190 995 1285 1027 levat.

578 1051 668 1085 Nam
693 1050 776 1084 mihi
801 1051 959 1084 conciliat
983 1053 1095 1095 gratas
1119 1050 1299 1093 impensius
1324 1061 1419 1083 aures

624 1104 685 1138 Vel
712 1106 868 1137 meritum
894 1105 972 1137 belli
997 1105 1047 1137 vel
1072 1104 1262 1137 Stilichonis
1287 1116 1391 1143 amor,

187 1165 221 1194 et
247 1161 300 1200 16,
326 1161 365 1193 9:

579 1215 745 1248 Omnibus
770 1216 923 1248 audimur
949 1216 1047 1248 terris
1071 1215 1250 1258 mundique
1274 1226 1332 1257 per
1357 1225 1453 1247 aures

623 1269 762 1305 Ibimus.
805 1270 860 1305 Ah
886 1271 1008 1304 nimius
1033 1271 1176 1305 consulis
1199 1272 1296 1315 urget
1321 1281 1423 1303 amor.

305 1325 360 1357 Ab
384 1326 586 1367 imperatore
610 1327 645 1357 et
669 1326 821 1367 patribus
857 1326 1037 1357 honoribus
1073 1326 1254 1367 praecipuis
1278 1324 1413 1357 habitus
1438 1327 1506 1361 est3
1542 1327 1652 1356 statua
1684 1327 1767 1356 ae'na
1801 1324 1909 1366 posita
1933 1326 1993 1362 est,
2018 1324 2112 1355 cuius

188 1381 287 1423 poeta
312 1379 384 1423 ipse
406 1379 461 1420 25,
488 1379 508 1412 6
534 1379 738 1413 mentionem
764 1379 860 1418 facit:

578 1434 676 1467 Prior
700 1435 847 1476 effigiem
872 1436 991 1467 tribuit
1015 1447 1179 1467 successus
1205 1436 1353 1468 ahenam.

304 1490 389 1523 Eius
413 1492 544 1523 statuae
569 1489 744 1532 inscriptio
770 1488 896 1521 Romae
920 1490 1037 1533 quinto
1062 1490 1185 1522 decimo
1209 1489 1339 1523 saeculo
1367 1490 1402 1522 in
1427 1490 1500 1522 foro
1525 1489 1659 1522 Traiani
1684 1489 1814 1527 effossa,
1839 1488 1897 1522 ubi
1922 1488 2114 1525 testimonio

190 1545 418 1589 inscriptionis
444 1546 556 1577 statua
580 1544 691 1587 posita
716 1546 775 1583 est,
802 1545 863 1575 etsi
889 1556 908 1576 a
932 1545 1003 1576 viro
1029 1545 1124 1576 docto
1148 1545 1288 1587 quodam
1315 1545 1349 1577 in
1376 1545 1512 1577 dubium
1542 1547 1696 1582 vocatur,
1722 1547 1834 1577 tamen
1859 1543 1958 1576 hodie
1982 1544 2024 1576 ab
2041 1556 2114 1576 om-

189 1601 289 1634 nibus
315 1600 462 1645 genuina
490 1598 692 1641 agnoscitur.
744 1597 874 1631 Tabula
893 1598 1017 1632 Romae
1041 1599 1074 1631 in
1100 1600 1195 1632 domo
1212 1599 1403 1642 Pompeiani
1419 1599 1523 1638 Laeti,
1549 1599 1647 1632 hodie
1672 1597 1814 1641 Neapoli
1838 1599 1872 1631 in
1897 1609 2010 1632 museo
2029 1598 2112 1632 Bor-

190 1656 311 1689 bonico
336 1655 563 1688 conservatur.
630 1652 669 1685 ln
694 1653 949 1695 inscriptionum
983 1653 1058 1686 libr.
1084 1665 1171 1686 num.
1200 1654 1286 1687 1182
1322 1665 1393 1686 earn
1426 1654 1579 1697 reperies.
1628 1652 1758 1685 Tabula
1783 1664 1800 1685 e
1825 1664 1988 1686 marmore
2012 1653 2115 1686 rubra

189 1713 239 1743 est
263 1710 364 1749 facta,
394 1711 428 1741 et
444 1718 650 1751 quamquam
669 1707 786 1739 literae
803 1708 876 1739 rudi
893 1707 1110 1751 impolitoque
1135 1712 1211 1740 sunt
1227 1709 1337 1746 ductu,
1363 1711 1486 1747 tamen,
1512 1719 1615 1750 quum
1631 1718 1754 1749 paucae
1771 1707 1903 1739 litterae
1919 1707 2115 1740 evanuerint

192 1768 251 1800 aut
277 1764 416 1798 mutilae
440 1764 519 1804 sint,
545 1763 644 1797 facile
668 1762 880 1806 intelligitur.
930 1761 1105 1807 Inscriptio
1130 1776 1149 1797 a
1174 1763 1254 1797 viris
1279 1763 1384 1797 doctis
1409 1763 1552 1808 legitur:

304 1819 353 1852 Cl.
381 1818 566 1851 Claudiano
592 1829 621 1849 v.
650 1828 676 1849 c.
703 1817 838 1849 tribuno
871 1820 905 1849 et
929 1818 1058 1850 notario
1082 1819 1167 1851 inter
1191 1822 1316 1851 ceteras
1341 1819 1491 1861 vigentes
1515 1820 1605 1850 artes
1636 1817 1973 1861 praegloriossissimo
1998 1820 2113 1860 poeta-

188 1888 284 1914 rum;
324 1875 402 1908 licet
425 1873 466 1907 ad
492 1872 686 1906 memoriam
723 1872 959 1915 sempiternam
989 1873 1134 1907 carmina
1168 1873 1209 1907 ab
1243 1873 1356 1907 eodem
1381 1873 1504 1917 scripta
1528 1872 1714 1913 sufficiant,
1752 1873 1905 1907 adtamen
1930 1871 2114 1908 testimonii

193 1930 304 1975 gratia
330 1929 372 1962 ob
397 1929 511 1962 iudicii
536 1928 587 1961 sui
613 1927 712 1960 fidem
737 1927 789 1960 dd.
816 1939 871 1960 nn.
897 1928 1059 1961 Arcadius
1083 1930 1116 1961 et
1142 1927 1310 1961 Honorius
1335 1928 1516 1962 felicissimi
1540 1940 1578 1961 ac
1602 1928 1782 1961 doctissimi
1812 1929 2029 1971 imperatores
2064 1939 2116 1961 se-

190 1988 272 2019 natu
298 1987 433 2028 petente
458 1986 603 2017 statuam
630 1984 665 2016 in
691 1982 764 2015 foro
788 1982 856 2015 divi
881 1982 1017 2015 Traiani
1042 1983 1125 2027 erigi
1151 1982 1235 2015 collo
1260 1984 1394 2027 carique
1415 1984 1591 2016 iusserunt.

891 2036 948 2069 Εἰν
973 2037 1018 2069 ἑνὶ
1043 2036 1226 2080 Βιργελίοιο
1250 2037 1324 2069 νόον

940 2092 1006 2124 Καὶ
1032 2098 1156 2135 μοῦσαν
1179 2092 1325 2136 Ὁμήρου

898 2146 1105 2179 Κλαυδιανὸν
1128 2146 1238 2190 Ῥώμη
1263 2148 1319 2179 καί

941 2200 1093 2241 Βασιλεῖς
1118 2202 1250 2236 ἔθεσαν.

306 2259 409 2292 Laesa
435 2261 485 2291 est
510 2260 655 2302 angusta
679 2258 833 2290 sinistrae
858 2258 962 2300 partis
996 2259 1091 2300 virga
1116 2259 1273 2300 desuper,
1312 2261 1349 2292 ut
1375 2259 1455 2301 „Cl.‚
1482 2260 1559 2300 bun,
1585 2261 1626 2300 vi,
1652 2273 1683 2304 p,
1710 2273 1731 2304 p
1755 2264 1788 2294 et
1812 2260 1829 2293 f
1852 2261 1943 2295 verbi
1970 2260 2115 2302 ¹‚felicis-

187 2315 285 2349 simi“
313 2314 451 2347 omnino
477 2313 683 2351 evanuerint,
709 2324 790 2356 quas
815 2312 944 2345 litteras
961 2313 1134 2346 restituere
1158 2313 1294 2347 difficile
1317 2325 1384 2347 non
1409 2317 1468 2353 est,
1493 2328 1593 2359 quum
1615 2315 1813 2350 obtruncata
1837 2317 1938 2350 verba
1961 2317 2035 2360 ipsa
2058 2316 2116 2350 lit-

185 2374 288 2410 teras,
315 2381 401 2414 quae
425 2380 588 2403 consensu
614 2368 764 2401 omnium
790 2368 860 2401 fere
886 2368 1031 2401 virorum
1049 2368 1221 2401 doctorum
1246 2369 1399 2413 suppleta
1415 2374 1502 2410 sunt,
1529 2373 1709 2415 requirant.
1759 2371 1966 2406 Obtruncata
1983 2384 2115 2417 quoque
2153 2394 2157 2397 ·

185 2428 236 2459 est
259 2425 376 2458 littera
392 2436 415 2468 g
440 2425 474 2457 in
502 2424 602 2457 verbo
627 2424 789 2468 vigentes,
814 2426 852 2456 ut
880 2434 945 2455 non
971 2424 1061 2462 satis,
1088 2426 1199 2456 utrum
1216 2435 1233 2456 c
1249 2436 1292 2456 an
1308 2436 1331 2467 g
1347 2424 1523 2469 legendum
1541 2426 1595 2465 sit,
1620 2427 1842 2464 discernatur:
1868 2428 1989 2461 idcirco
2007 2428 2114 2462 Hein-

184 2482 253 2515 sius
281 2482 477 2521 „decentes‘¹
505 2480 669 2519 restituit,
696 2482 729 2512 et
754 2479 827 2512 aliis
852 2490 918 2512 non
944 2478 1054 2511 minus
1078 2479 1189 2522 inepte
1207 2478 1315 2522 placet
1334 2480 1545 2524 „ingentes“;
1573 2493 1678 2525 neque
1695 2482 1783 2515 enim
1801 2485 1981 2527 utrumque
2004 2484 2114 2518 adiec-
