2311 2803
1048 62 1271 95 --16—

576 160 640 195 Dic
664 173 738 195 mea
763 161 923 205 Colliope,
948 174 1007 196 cur
1031 165 1128 196 tanto
1153 165 1300 206 tempore
1329 162 1441 195 differs

577 216 687 249 Pierio
713 217 867 249 meritam
892 219 982 249 serto
1007 217 1163 250 redimire
1188 217 1370 250 Serenam?

190 274 223 304 et
248 273 395 305 extrema
419 273 533 315 parte,
568 271 625 304 nbi
652 271 720 304 iam
749 282 848 304 curae
884 283 921 304 ac
946 272 1083 306 timores
1103 272 1294 306 Stilichonis
1320 271 1488 305 fortunam
1516 272 1706 313 vergentem
1731 270 1931 309 monstrant,
1957 269 2122 310 docemur,

189 327 243 367 29,
270 327 353 361 228:

802 383 890 416 Dum
916 384 1073 426 gentibus
1100 384 1156 417 ille

576 436 747 483 Confligit,
774 438 870 483 vigili
895 441 932 472 tu
957 439 1119 484 prospicis
1147 440 1258 473 omnia
1284 450 1390 474 sensu.

576 492 630 526 Ne
654 494 736 537 quid
760 494 794 526 in
821 495 993 528 absentem
1019 495 1202 528 virtutibus
1226 495 1324 528 obvia
1347 506 1477 538 semper

581 548 716 581 Audeat
740 549 886 582 invidiae
910 549 1019 583 rabies
1043 561 1107 582 neu
1133 561 1247 584 rumor
1271 551 1415 593 iniquus.

578 602 632 636 Ne
655 615 722 648 qua
748 604 862 647 procul
886 605 1003 648 positis
1027 605 1118 638 furto
1143 606 1327 639 subsederit
1351 606 1451 638 armis

577 658 753 692 Calliditas
778 661 932 694 nocitura
956 661 1055 693 domi.

304 713 455 746 Alterum
483 725 628 753 carmen,
655 714 797 757 epistola
822 715 862 746 ad
878 715 1096 754 Hadrianum,
1124 716 1307 749 Stilichone
1326 718 1474 758 peremto
1498 716 1656 758 scriptum
1687 725 1756 747 esse
1781 711 1922 755 epistola
1938 711 2011 754 ipsa
2027 711 2123 754 gravi

189 772 240 803 est
264 769 473 803 documento.
539 768 681 803 Stilicho
707 769 806 809 enim,
832 769 926 803 cuius
950 769 1076 803 tutelae
1101 769 1307 803 Theodosius
1342 770 1485 803 moriens
1518 769 1692 813 imperium
1729 779 1765 801 ac
1791 766 1877 800 filios
1901 765 2121 804 commiserat,

188 828 222 858 et
248 837 348 869 quem
371 828 509 869 propter
533 825 693 858 virtutem
719 837 756 859 ac
782 825 958 858 consilium
983 825 1149 859 affinitate
1184 826 1341 869 dignatus
1366 828 1459 865 erat,
1497 826 1554 869 qui
1578 825 1740 864 Africam,
1765 823 1896 857 etiamsi
1919 834 1986 856 non
2010 833 2122 861 manu,

189 882 302 912 tamen
327 880 466 913 consilio
491 882 525 913 et
551 880 730 923 prudentia
756 884 969 922 recuperarat
1005 883 1039 912 et
1063 880 1185 913 reiecto
1212 880 1345 913 Alarico
1370 883 1403 913 et
1434 880 1619 924 Radagaiso
1656 879 1764 913 deleto
1797 878 1929 911 Italiam
1964 877 2015 910 bis
2052 888 2121 910 ser-

189 936 336 973 vaverat,
362 946 437 967 cum
462 935 539 968 odio
563 937 597 968 et
620 935 753 968 insidiis
777 935 966 968 invidorum
991 935 1176 973 hominum,
1202 937 1274 968 turn
1301 935 1451 975 Honorii,
1476 935 1600 979 triplici
1628 934 1794 968 affinitate
1820 933 1986 966 coniuncti
2011 933 2045 965 et
2069 932 2122 965 cui

189 988 381 1021 firmissimo
410 989 578 1032 praesidio
612 990 744 1028 fuerat,
781 990 987 1032 suspicione,
1023 990 1260 1023 coniurationis
1294 992 1328 1022 et
1351 1001 1529 1022 consensus
1552 990 1747 1023 clandestini
1783 1000 1857 1022 cum
1881 987 2016 1021 Alarico
2042 987 2122 1019 facti

192 1044 405 1082 insimilatus,
431 1056 484 1077 an.
511 1045 589 1078 408.
616 1045 803 1078 trucidatus
828 1047 888 1077 est.
938 1044 1057 1087 Neque
1083 1044 1300 1077 Stilichonem
1325 1056 1456 1077 caesum
1481 1045 1562 1078 satis
1587 1043 1759 1077 habebant
1784 1055 1822 1077 ac
1846 1043 1886 1076 de
1910 1041 2065 1076 omnibus
2089 1044 2123 1075 et

188 1098 388 1142 propinquis
412 1101 446 1132 et
470 1099 694 1133 familiaribus
721 1100 884 1144 supplicia
902 1101 1124 1142 sumpserunt.
1174 1098 1291 1141 Itaque
1316 1098 1472 1131 interitus
1497 1098 1700 1136 Stilichonis,
1731 1098 1790 1141 qui
1818 1109 1837 1130 a
1860 1098 1967 1140 primo
1991 1098 2025 1130 in
2052 1096 2121 1130 lta-

188 1153 267 1187 liam
293 1155 439 1189 adventu
464 1154 639 1189 Claudiani
666 1156 782 1189 fautor
806 1155 882 1195 fuit,
908 1156 1001 1188 cuius
1026 1155 1137 1199 gratia
1161 1157 1232 1187 erat
1256 1156 1449 1197 provectus,
1484 1155 1577 1187 cuius
1602 1154 1697 1187 uxori
1723 1154 1860 1187 divitem
1884 1165 2039 1197 sponsam
2063 1153 2121 1186 de-

189 1209 273 1250 buit,
299 1211 393 1244 cuius
420 1210 534 1244 laudes
562 1222 693 1254 semper
719 1211 894 1249 cecinerat,
919 1212 1037 1253 poetae
1063 1221 1211 1243 summae
1235 1209 1418 1243 calamitati
1441 1221 1478 1242 ac
1503 1209 1649 1253 periculo
1673 1209 1749 1243 fuit.
1799 1209 1917 1243 Judice
1940 1208 2122 1243 Claudiano

188 1265 390 1299 clarissimos
415 1266 505 1299 viros
530 1267 754 1310 pristinorum
779 1269 967 1309 temporum
993 1266 1193 1309 reipublicae
1221 1265 1390 1299 Romanae
1415 1266 1583 1308 superavit
1609 1265 1757 1304 Stilicho,
1790 1265 1969 1305 Fabricios,
1994 1264 2121 1305 Curios,

190 1319 323 1359 Fabios,
351 1320 538 1360 Marcellos,
565 1320 746 1364 Scipiones,
772 1321 918 1363 itemque
944 1320 1068 1354 Serena
1094 1320 1338 1353 illustrissimas
1364 1321 1573 1363 antiquitatis
1597 1320 1741 1353 feminas
1768 1320 1934 1363 praecedit
1957 1320 2010 1359 33,
2038 1320 2097 1353 10:

579 1376 724 1420 Dignius
749 1388 791 1409 an
817 1379 908 1409 vates
934 1375 1016 1408 alios
1042 1376 1187 1409 exercuit
1212 1388 1312 1409 unum

578 1430 756 1463 Femineae
780 1430 897 1462 vitutis
921 1431 1033 1472 opus?

187 1488 222 1519 et
246 1486 300 1524 33,
331 1486 395 1518 19:

627 1541 723 1572 Anne
749 1540 837 1572 aliud
864 1543 936 1572 toto
961 1540 1096 1573 molitur
1122 1540 1276 1573 carminis
1303 1543 1375 1573 actu

582 1596 728 1628 Maeonii
754 1606 844 1627 mens
870 1594 938 1627 alta
963 1595 1075 1628 senis?

189 1653 223 1683 et
249 1650 305 1691 33,
331 1651 398 1684 33:

580 1704 658 1738 Non
685 1708 795 1738 tamen
821 1706 990 1738 audebunt
1015 1706 1123 1738 titulis
1149 1709 1274 1739 certare
1300 1705 1440 1739 Serenae

580 1760 773 1804 (Tanaquil,
798 1760 932 1794 Cloelia.
961 1760 1132 1805 Penelope,
1159 1762 1267 1802 aliae).

300 1814 497 1848 Stilichonis
522 1816 633 1859 gratia
657 1816 769 1847 odium
795 1819 827 1848 et
853 1816 977 1848 invidia
1002 1816 1159 1848 adversus
1186 1820 1317 1859 poetam
1351 1820 1429 1850 sunt
1463 1822 1633 1850 commota.
1695 1818 1786 1856 Quae
1820 1830 1893 1851 cum
1928 1819 1976 1851 ita
2000 1822 2119 1857 essent,

190 1870 377 1904 Stilichone
401 1871 536 1914 suisque
562 1871 665 1905 caesis
690 1874 724 1904 et
748 1883 870 1914 magna
898 1871 1079 1904 amicorum
1106 1874 1218 1915 strage
1242 1871 1333 1905 facta
1350 1871 1567 1905 Claudianum
1588 1872 1621 1905 in
1646 1873 1795 1906 omnium
1821 1885 1930 1906 rerum
1943 1873 2119 1917 perturba·

188 1925 280 1957 tione
305 1926 370 1958 sibi
396 1926 548 1959 timuisse
573 1937 639 1958 non
664 1929 715 1958 est
740 1927 872 1964 mirum,
898 1927 1028 1958 etiamsi
1055 1927 1195 1968 epistola
1222 1927 1262 1959 ad
1285 1926 1487 1959 Hadrianum
1514 1939 1578 1960 non
1607 1928 1720 1960 relicta
1746 1930 1842 1967 esset,
1868 1940 1934 1971 qua
1958 1931 2066 1961 metus
2082 1940 2121 1962 ac

188 1979 325 2013 timores
350 1980 438 2013 clare
463 1980 660 2024 pinguntur.
709 1979 743 2013 Si
769 1980 843 2024 quis
868 1993 885 2013 e
910 1991 976 2014 ver.
1003 1982 1042 2014 6:

579 2036 632 2068 Me
658 2036 753 2068 dolor
777 2038 957 2075 incautum,
989 2048 1039 2068 me
1065 2036 1192 2069 lubrica
1218 2037 1349 2069 duxerit
1373 2040 1464 2069 aetas

187 2093 220 2124 et
245 2102 285 2123 ex
310 2091 372 2123 31:

802 2145 913 2178 Secuit
939 2146 1107 2178 nascentia
1132 2145 1203 2178 fata

578 2201 686 2240 Livor,
1855 2240 1861 2247 ,

185 2254 361 2298 epistolam
389 2254 431 2287 ab
457 2255 704 2289 adolescentulo
723 2255 906 2287 Claudiano
932 2266 1003 2286 esse
1028 2256 1185 2297 scriptam
1211 2256 1401 2295 coniecerit,
1428 2259 1557 2299 poetam
1580 2258 1704 2301 aliquid
1732 2270 1897 2298 excusare,
1924 2262 2011 2304 quod
2027 2262 2120 2304 prius

184 2310 382 2352 peccaverit,
408 2321 586 2353 opponam,
613 2314 715 2354 atque
750 2322 788 2343 eo
813 2322 919 2349 anno,
951 2321 1017 2353 quo
1043 2309 1184 2343 Stilicho
1208 2321 1384 2354 oppressus
1409 2313 1476 2350 est,
1512 2312 1629 2356 grandi
1656 2324 1730 2346 eum
1755 2317 1834 2347 natu
1860 2326 1927 2348 nou
1952 2315 2055 2350 fuisse
2079 2328 2120 2350 ex

184 2364 328 2408 nuptiis,
354 2376 440 2408 quae
465 2369 559 2398 sexto
584 2377 672 2399 anno
698 2368 775 2398 ante
801 2365 947 2404 fuerunt,
973 2364 1122 2409 colligas.
1173 2364 1282 2398 Verba
1310 2366 1501 2405 „nascentia
1525 2366 1615 2400 fata‘
1643 2370 1793 2412 tempora
1819 2370 1960 2413 pristina
1985 2371 2121 2405 minime

183 2417 301 2453 dicunt
325 2432 364 2454 ac
388 2421 474 2453 nihil
501 2421 565 2454 nisi
592 2432 665 2454 sero
691 2423 823 2464 poetam
849 2421 891 2453 in'
910 2419 1071 2453 Hadriani
1099 2421 1277 2454 amicitiam
1304 2422 1431 2455 venisse
1456 2427 1600 2456 monent.
1652 2423 1696 2457 Et
1715 2424 1815 2458 verba
1840 2437 1923 2460 vers.
1949 2426 1993 2460 23
2019 2439 2118 2472 „gra-

183 2475 231 2507 tia
256 2475 425 2509 diffiuxst‘
454 2487 659 2519 quamquam
685 2475 855 2508 meliorem
881 2475 1106 2508 condicionem
1132 2476 1275 2518 priorem
1293 2476 1459 2513 indicant,
1486 2480 1597 2511 tamen
1621 2482 1760 2522 tempus,
1786 2481 1980 2525 priusquam
1998 2483 2030 2515 in
2050 2482 2118 2516 Ita-
