2311 2803
0 1103 15 1140 V·

1015 85 1242 118 -23-

555 184 776 229 Absolvitque
801 184 888 218 deos.
937 184 1015 218 Jam
1040 195 1107 217 non
1132 184 1173 217 ad
1198 184 1342 217 culmina
1365 196 1474 217 rerum

554 240 701 273 Iniustos
726 241 867 273 crevisse
892 252 1022 283 queror.
1072 240 1251 273 Tolluntur
1275 241 1309 272 in
1336 240 1439 272 altum

552 293 601 329 Ut
624 293 722 338 lapsu
746 294 899 339 graviore
923 297 1031 328 ruant.

281 353 363 386 Post
386 354 528 384 mortem
555 350 695 382 alteram
719 361 757 382 ac
781 351 1016 392 sempiternam
1042 362 1111 383 esse
1136 351 1239 383 vitam
1264 352 1319 389 35,
1345 351 1410 382 282
1436 350 1590 392 exponit:

776 403 861 438 Sunt
884 403 989 437 altera
1012 404 1107 437 nobis

557 459 681 498 Sidera,
706 463 784 492 sunt
808 460 904 493 orbes
929 460 996 495 alii.
1022 461 1198 503 lumenque
1223 460 1349 493 videbis

556 512 678 545 Purius
702 512 921 557 Elysiumque
946 514 1053 558 magis
1078 514 1240 547 mirabere
1265 514 1367 547 solem

557 567 776 612 Cultoresque
800 569 882 613 pios.
932 569 1005 603 Illic
1029 570 1205 613 pretiosior
1230 572 1330 609 aetas,

557 624 670 656 Aurea
693 624 866 667 progenies
892 624 1056 663 habitant,
1081 636 1274 667 semperque
1298 628 1457 662 tenemus,

556 677 650 718 Quod
675 679 785 722 superi
811 691 959 713 meruere
983 679 1094 719 semel,
1231 678 1234 681 ’

167 737 202 768 et
226 735 280 775 35,
306 734 373 768 300
398 744 513 766 omnes
538 736 616 776 post
640 733 767 767 obitum
793 746 888 777 pares
914 746 1003 768 esse:

774 788 936 830 Purpurei
961 790 1093 823 venient
1108 809 1152 814 -—
1171 801 1265 834 reges

554 842 714 885 Deposito
739 845 830 884 luxu,
856 845 954 877 turba
978 856 1051 877 cum
1077 857 1220 888 paupere
1245 845 1351 877 mixti.

557 896 676 931 Omnia
701 910 789 932 mors
813 902 944 943 aequat.
995 898 1047 933 Tu
1072 900 1271 933 damnatura
1295 891 1460 939 nocentes,

555 952 606 984 Tu
631 954 779 995 requiem
803 955 912 986 latura
937 955 1010 996 piis,

167 1008 201 1040 et
226 1005 257 1048 8,
282 1005 359 1046 225,
386 1006 514 1039 animas
546 1018 612 1039 non
637 1007 772 1041 interire
796 1020 870 1042 cum
895 1008 1088 1052 corporibus
1114 1008 1271 1052 explicat:

555 1062 652 1094 Disce
677 1063 759 1102 orbi,
785 1064 873 1105 quod
899 1063 1039 1105 quisque
1064 1064 1136 1095 sibi.
1186 1063 1269 1096 Cum
1294 1065 1448 1096 conderet
1474 1067 1565 1095 artus

554 1115 697 1149 Nostros
721 1117 876 1150 aetheriis
901 1118 1039 1151 miscens
1065 1120 1196 1151 terrena
1224 1118 1448 1157 Prometheus,

554 1171 722 1204 Sinceram
748 1173 857 1215 patrio
882 1176 1026 1205 mentem
1052 1174 1181 1205 furatus
1207 1174 1349 1216 Olympo

554 1226 727 1261 Continuit
750 1227 904 1262 claustris
929 1228 1226 1273 indignantemque
1250 1230 1401 1262 revinxit.

551 1282 597 1314 Et
620 1293 694 1314 cum
720 1294 785 1315 non
810 1283 907 1315 aliter
931 1288 1066 1326 possent
1090 1285 1243 1316 mortalia
1268 1284 1358 1327 fingi,

553 1336 717 1370 Adiunxit
741 1338 901 1380 geminas.
952 1337 1034 1371 Illae
1057 1349 1131 1371 cum
1155 1349 1291 1381 corpore
1314 1337 1425 1380 lapsae

550 1390 744 1429 Intereunt3
769 1392 851 1424 haec
877 1392 947 1424 sola
973 1395 1085 1424 manet
1109 1393 1273 1434 bustoque
1298 1395 1462 1433 superstes

549 1444 681 1478 Evolat.

280 1496 370 1536 Quae
395 1499 487 1540 pium
512 1500 659 1532 animum
685 1500 815 1542 spirant
840 1504 873 1533 et
898 1502 1108 1534 severitatem
1132 1501 1302 1544 religionis
1320 1512 1482 1532 Summam
1500 1500 1680 1532 ostendunt
1703 1504 1903 1543 poetamque
1928 1511 1995 1532 non
2019 1512 2094 1542 spe-

165 1551 226 1585 ciei
250 1551 303 1585 vel
325 1552 462 1592 nomini,
488 1553 543 1585 sed
569 1554 616 1585 rei
640 1552 799 1586 honorem
826 1555 982 1594 tribuere,
1009 1567 1209 1598 quamquam
1228 1555 1356 1597 aliquot
1373 1554 1437 1587 loci
1464 1566 1483 1586 a
1500 1553 1729 1586 materialismi
1747 1573 1792 1578 —
1809 1554 1854 1586 sit
1879 1554 1976 1587 venia
1994 1554 2096 1587 verbo

166 1625 207 1631 -
232 1607 418 1650 suspicione
442 1618 510 1641 non
536 1608 726 1647 abhorrent,
754 1611 792 1641 ut
816 1609 870 1648 33,
897 1609 963 1641 57:

769 1662 832 1703 Qui
856 1663 955 1696 finem
983 1664 1108 1697 cunctis
1133 1666 1166 1696 et
1190 1664 1315 1696 semina
1340 1663 1477 1706 praebes

550 1717 781 1760 Nascendique
806 1719 891 1751 vires
918 1718 1047 1750 alterna
1070 1721 1177 1751 morte
1200 1719 1364 1761 rependis,

551 1770 615 1812 Qui
638 1772 741 1805 vitam
767 1771 937 1816 letumque
962 1773 1070 1817 regis3
1097 1772 1187 1816 (nam
1213 1773 1372 1816 quidquid
1397 1772 1521 1817 ubique

555 1826 672 1870 Gignit
696 1828 861 1867 materies,
887 1828 950 1861 hoc
975 1830 1008 1861 te
1033 1829 1175 1861 donante
1205 1831 1335 1861 creatur

552 1882 765 1926 Debeturque
789 1883 851 1915 tibi
876 1884 1039 1925 certisque
1064 1883 1260 1927 ambagibus
1286 1884 1357 1916 aevi

550 1936 678 1969 Rursus
702 1948 875 1980 corporeos
900 1938 1030 1969 animae
1056 1939 1236 1970 mittuntur
1260 1938 1294 1970 in
1319 1939 1436 1979 ortus.)

279 1992 414 2026 Etenim
438 1991 568 2025 colebat
592 2003 723 2032 numen,
748 2003 867 2025 nomen
892 2004 952 2035 pro
978 1992 1083 2025 nihilo
1108 1992 1261 2026 habebat.
1312 1992 1427 2036 ltaque
1452 2005 1471 2026 a
1495 1993 1628 2027 nomine
1658 1996 1690 2026 et
1714 1993 1889 2026 christiani
1913 1996 1947 2026 et
1971 1994 2096 2038 pagani

165 2047 293 2081 alienus
317 2058 388 2080 esne
411 2047 531 2090 potuit.
581 2047 695 2090 Atque
719 2047 804 2079 idem
828 2046 901 2079 vult
926 2047 1144 2090 Augustinus,
1170 2059 1271 2091 quum
1296 2059 1416 2080 nomen
1440 2048 1617 2081 abiudicat.
1666 2047 1771 2081 Paulo
1797 2048 1926 2087 orosio,
1952 2048 2010 2092 qui
2036 2048 2095 2082 ad-

164 2114 277 2136 versus
302 2113 448 2146 paganos
474 2102 625 2144 scripsit.
652 2101 819 2144 displicuit
843 2101 1062 2141 Claudianus,
1088 2103 1244 2144 quoniam
1269 2103 1444 2145 pristinam
1472 2104 1680 2135 maiestatem
1707 2102 1893 2136 Romanam
1917 2115 1992 2136 cum
2017 2104 2097 2137 reli-

164 2157 263 2202 gione
286 2156 425 2201 antiqua
449 2156 657 2189 coniunctam
682 2156 809 2195 cecinit,
834 2167 940 2199 neque
964 2157 1106 2195 mirum3
1131 2157 1253 2199 pagani
1279 2157 1367 2189 enim
1383 2157 1453 2189 eius
1477 2158 1594 2190 aetatis
1612 2168 1725 2190 omnes
1742 2158 1950 2191 calamitates
1975 2158 2010 2190 in
2036 2169 2095 2191 ne·

164 2213 290 2256 glectos
304 2213 379 2245 deos
397 2212 522 2254 patrios
539 2211 760 2244 contulerunt.
802 2211 927 2253 Aperte
943 2222 1021 2244 vero
1045 2214 1177 2254 poetam
1196 2223 1229 2244 se
1246 2223 1413 2254 paganum
1440 2212 1625 2254 professum
1652 2212 1783 2255 opinari
1806 2212 1841 2244 id
1863 2212 1974 2255 ipsum
1992 2216 2096 2253 vetat,

165 2267 253 2312 quod
277 2266 482 2312 gravissimis
506 2266 621 2310 poenis
645 2265 880 2309 suppliciisque
916 2276 991 2305 eOS,
1027 2266 1083 2309 qui
1109 2265 1171 2298 diis
1196 2266 1454 2306 sacrificassent,
1490 2266 1581 2299 affici
1613 2266 1704 2311 leges
1736 2279 1756 2299 a
1789 2266 1976 2300 Theodosio
2009 2267 2098 2301 latae

163 2324 341 2363 iusserunt,
365 2322 495 2355 etiamsi
518 2321 777 2354 honoratissima
803 2321 925 2353 militia
950 2324 983 2354 et
1011 2332 1062 2353 res
1087 2321 1254 2363 praeclare
1279 2324 1392 2364 gestae
1417 2322 1587 2354 nonnullis
1612 2322 1806 2365 impunitati
1831 2323 1977 2356 fuerunt.
