2311 2803
1051 86 1279 118 ,22-
1686 30 1690 33 ·
2087 0 2311 117 Ἶ

584 185 736 218 Fatidice
764 188 876 218 custos
903 186 1047 219 Romani
1072 186 1229 219 carbasus
1254 185 1334 217 aevi.

586 239 736 272 Territat
761 241 913 273 assiduus
940 242 1037 274 lunae
1062 242 1157 274 labor
1181 245 1319 283 atraque
1345 239 1478 271 Phoebe
1502 241 1562 271 etc.

590 293 756 328 Noctibus
782 296 952 329 aerisonas
977 296 1103 330 crebris
1128 295 1257 329 ululata
1282 307 1339 339 per
1365 294 1471 327 urbes.

588 350 659 382 Nec
683 352 823 384 credunt
847 352 951 383 vetito
976 352 1163 384 fraudatam
1190 352 1257 383 sole
1282 362 1429 383 sororem

589 404 736 438 Telluris
761 405 925 440 subeunte
951 406 1062 449 globo.

202 461 233 499 8,
259 461 326 493 570
353 461 503 493 fraudem
529 461 740 493 sacerdotum
766 462 944 494 describit:

806 515 861 549 Sic
886 516 1024 548 numina
1048 515 1213 558 Memphis

586 569 624 603 In
651 571 773 614 vulgus
800 572 948 614 proferre
974 572 1068 604 solet.
1120 570 1347 604 Penetralibus
1373 570 1440 603 exit

589 625 749 667 Effigiesz
779 627 887 658 brevis
912 627 971 658 illa
995 627 1146 669 quidem;
1172 627 1226 658 sed
1253 625 1413 668 plurimus
1439 624 1526 656 infra

584 679 721 724 Liniger
747 681 905 724 imposito
931 682 1077 724 suspirat
1102 683 1193 714 vecte
1219 680 1381 719 sacerdos,

585 735 742 769 Testatus
768 737 886 769 sudore
912 737 1019 769 deum.

197 789 229 827 5,
255 790 322 822 440
348 789 411 822 diis
436 789 578 823 diffidit:

586 846 726 879 Desinat
752 847 847 879 elatis
873 847 1049 889 quisquam
1074 847 1237 879 confidere
1262 845 1358 877 rebus

587 899 833 945 Instabilesque
858 902 934 934 deos
960 914 997 935 ac
1022 901 1149 934 lubrica
1174 900 1308 934 numina
1335 900 1446 933 discat.

313 954 421 992 Quare
446 955 528 987 mihi
555 956 663 987 neutri
690 956 846 998 religioni
864 957 1014 988 addictus
1031 956 1132 988 fuisse
1151 957 1286 993 videtur,
1314 967 1396 997 quae
1420 966 1469 986 res
1494 954 1582 986 haud
1599 964 1675 985 raro
1699 954 1732 985 in
1760 954 1933 996 Aegyptiis
1957 965 1995 986 ea
2019 957 2128 987 aetate

194 1008 436 1043 inveniebatur.
488 1008 660 1043 Summam
687 1010 761 1043 fidei
788 1011 901 1053 paucis
926 1010 1028 1043 tradit
1052 1010 1083 1051 8,
1109 1011 1171 1044 99:

633 1065 687 1097 Illi
712 1066 875 1097 iustitiam
902 1066 1139 1097 confirmavere
1164 1066 1333 1108 triumphi,

587 1120 783 1153 Praesentes
809 1120 947 1153 docuere
973 1120 1059 1155 deos,
1110 1120 1195 1154 Hinc
1219 1121 1348 1154 saecula
1374 1121 1501 1154 discant

587 1174 791 1207 Indomitum
819 1175 901 1207 nihil
928 1187 998 1207 esse
1027 1177 1081 1218 pio
1106 1179 1254 1207 tutumve
1279 1177 1418 1208 nocenti.

315 1228 359 1262 Et
384 1231 512 1273 quanta
537 1230 715 1263 severitate
740 1231 842 1264 animi
869 1230 1033 1264 exclamat
1063 1231 1112 1271 18,
1141 1231 1226 1264 157:

587 1285 693 1323 Quam
721 1287 802 1318 bene
828 1287 1024 1328 dispositum
1051 1287 1159 1322 terris.
1186 1289 1222 1318 ut
1248 1287 1368 1329 dignus
1393 1287 1504 1329 inique

590 1339 728 1373 Fructus
754 1339 883 1373 consilii
910 1340 1024 1383 primis
1049 1340 1237 1373 auctoribus
1262 1341 1371 1377 instet.

195 1399 383 1435 sequuntur
408 1394 570 1436 exempla,
597 1397 630 1426 et
654 1397 685 1433 3,
716 1396 752 1427 1:

586 1448 691 1492 Saepe
717 1450 798 1482 mihi
825 1450 956 1482 dubiam
984 1451 1086 1482 traxit
1110 1451 1273 1482 sententia
1301 1453 1443 1483 mentem

586 1505 751 1537 Curarent
775 1505 885 1546 superi
912 1507 1027 1541 terre-S,
1054 1517 1094 1536 an
1120 1505 1229 1536 nullus
1254 1506 1376 1537 inesset

585 1558 707 1591 Rector
732 1561 765 1591 et
792 1559 916 1591 incerto
941 1558 1082 1591 fluerent
1108 1559 1259 1592 mortalia
1284 1570 1369 1592 casu.

585 1613 674 1646 Nam
700 1626 773 1646 cnm
801 1614 951 1655 dispositi
979 1616 1176 1656 quaesissem
1201 1615 1334 1647 foedera
1361 1615 1471 1647 mnndi

586 1668 878 1711 praescriptosque
904 1669 985 1701 mari
1011 1669 1090 1702 fines
1118 1671 1276 1713 annisque
1303 1674 1431 1704 meatus

585 1723 629 1756 Et
655 1724 738 1755 lucis
763 1725 935 1766 noctisque
962 1725 1055 1758 vices,
1086 1728 1163 1757 tunc
1188 1726 1297 1758 onmia
1323 1727 1418 1758 rebar

585 1777 731 1812 Consilio
757 1779 890 1812 firmata
915 1779 975 1818 dei,
1003 1780 1058 1822 qui
1085 1780 1156 1821 lege
1183 1782 1304 1814 moveri

584 1833 710 1868 Sidera.
739 1834 796 1876 qui
823 1835 937 1878 fruges
962 1835 1090 1867 diverso
1116 1840 1262 1878 tempore
1287 1838 1386 1874 nasci,

584 1887 647 1927 Qui
674 1889 800 1921 variam
829 1889 981 1922 Phoeben
1007 1889 1113 1922 alieno
1139 1891 1269 1923 iusserit
1294 1892 1361 1935 igni

585 1943 752 1986 Compleri
778 1944 948 1986 solemque
973 1955 1042 1979 suo.
1070 1945 1252 1986 porrexerit
1276 1947 1371 1978 undis

585 1998 724 2037 Littora,
752 1998 904 2031 tellurem
932 1999 1039 2031 medio
1066 2000 1234 2032 libraverit
1259 2013 1327 2034 axe.

584 2053 647 2087 Sed
674 2065 749 2086 cum
776 2065 826 2085 res
852 2053 1024 2086 hominnm
1049 2056 1143 2086 tanta
1167 2055 1307 2098 caligine
1334 2056 1421 2088 volvi

586 2109 798 2151 Adspicerem
826 2109 997 2151 laetosque
1022 2109 1078 2140 diu
1105 2109 1219 2142 florere
1244 2114 1398 2143 nocentes

585 2162 775 2206 Vexarique
801 2163 881 2205 pios,
908 2173 1023 2195 rursus
1048 2163 1213 2197 labefacta
1237 2164 1373 2198 cadebat

587 2217 728 2261 Religio,
755 2229 939 2260 causaeque
965 2218 1051 2249 viani
1079 2229 1143 2250 non
1169 2223 1286 2261 sponte
1312 2221 1472 2262 sequebar

584 2272 744 2312 Alterius,
771 2283 874 2305 vacuo
900 2283 984 2315 quae
1009 2283 1140 2305 currere
1167 2274 1293 2306 semina
1319 2276 1411 2308 motu

584 2328 745 2360 Affirmat
770 2339 996 2370 magnumque
1021 2339 1123 2360 novas
1149 2341 1206 2370 per
1231 2329 1327 2362 inane
1354 2330 1477 2373 figuras

583 2382 743 2421 Fortuna,
770 2394 835 2414 non
861 2385 932 2414 arte
958 2383 1039 2426 regi,
1066 2394 1150 2426 quae
1175 2384 1311 2416 numina
1335 2396 1432 2418 sensu

583 2439 757 2482 Ambigno
783 2438 834 2471 vel
860 2438 954 2471 nulla
980 2440 1076 2481 putat
1100 2438 1152 2472 vel
1177 2440 1286 2472 nescia
1310 2442 1425 2473 nostri.

585 2493 736 2526 Abstulit
761 2493 848 2526 hunc
873 2494 1006 2526 tandem
1032 2492 1145 2526 Rufini
1171 2504 1276 2536 poena
1300 2495 1480 2528 tumultum
