2311 2803
1050 95 1253 128 -6-

574 198 742 232 Romanos
767 196 911 230 bibimus
937 197 1079 240 primum
1105 199 1138 230 te
1163 195 1297 229 consule
1320 194 1431 228 fontes

618 253 663 286 Et
687 253 802 286 Latiae
826 252 927 286 cessit
952 251 1054 285 Graia
1079 250 1201 284 Thalia
1224 253 1335 294 togae,

573 307 805 352 Incipiensque
829 307 896 341 tuis
921 319 941 340 a
965 306 1112 340 fascibus
1137 306 1248 339 omina
1273 305 1366 348 coepi

617 363 768 406 Fataque
792 361 919 396 debebo
943 362 1130 405 posteriora
1155 361 1228 394 tibi.

573 417 664 461 Ergo
687 416 861 450 lacessitus
886 417 1020 449 tandem
1046 415 1188 448 rescribe
1214 414 1367 459 roganti!

299 474 412 518 Atque
436 475 524 507 certe
548 472 733 506 Claudiano
751 471 953 512 Hadrianus,
980 473 1007 505 si
1033 473 1195 514 cognatus
1220 471 1349 511 fuisset,
1375 469 1539 513 praesidio
1568 469 1686 502 fuisset
1710 471 1745 502 et
1769 469 2032 503 commendasset
2055 480 2113 503 ne-

186 540 250 572 que
273 531 372 572 poeta
397 527 533 562 silentio
558 527 592 561 id
618 526 843 571 praeterisset.

306 584 384 618 Non
408 584 457 619 ita
481 595 604 628 magno
628 582 701 617 loco
724 584 840 616 natum
875 594 945 616 esse
971 572 1190 615 Claudianum
1220 580 1397 625 probatur,
1431 580 1520 625 quod
1555 582 1588 614 et
1612 580 1652 613 de
1676 591 1711 614 se
1734 579 1996 624 parentibusque
2020 590 2116 613 accu-

186 640 291 673 ratius
316 639 473 684 loquendi
498 638 702 672 occasionem
720 649 886 681 quamque
903 638 1038 670 omnino
1055 637 1184 669 omittit
1209 639 1242 669 et
1259 636 1411 676 aliorum,
1436 646 1652 679 quoscunque
1668 635 1871 668 carminibus
1895 635 2115 679 persequitur,

185 695 412 740 copiosissime
437 694 605 739 originem
629 704 803 738 genusque
828 692 985 727 describit
1009 704 1117 737 neque
1141 704 1175 726 se
1201 703 1325 736 suaque
1350 690 1535 725 admirandi
1560 690 1642 725 vitio
1659 692 1760 725 caret.
1810 689 1899 724 Nam
1917 688 2112 725 Stilichonis

186 751 352 796 originem
377 751 512 784 silentio
536 749 710 794 praeteriri
736 749 787 782 vel
804 749 926 781 cursim
951 749 1213 788 commemorari,
1240 749 1327 792 quod
1345 748 1520 781 barbarico
1544 750 1578 780 et
1601 748 1738 781 minime
1755 746 1865 790 amplo
1890 758 2012 790 genere
2035 746 2113 787 fuit,

186 806 352 840 neminem
371 806 520 850 effugiet.
562 804 668 849 Atqui
686 804 884 838 monendum
902 806 961 845 est,
987 804 1176 848 ubicunque
1193 804 1397 838 Claudianus
1414 815 1447 837 se
1465 814 1643 848 pauperem
1668 805 1780 837 vatem
1804 802 2033 848 humilemque
2057 813 2116 836 vo-

187 863 250 901 cat,
278 863 410 904 poetam
437 861 541 904 loqui,
568 863 607 894 ut
631 860 686 900 40,
712 860 771 893 46:

576 915 676 948 Texit
699 915 890 957 pauperiem
916 916 1059 948 nominis
1086 916 1204 948 umbra
1229 915 1288 947 tui.

305 970 438 1003 Patrem
464 981 531 1002 non
559 970 692 1013 inopem
717 970 819 1002 fuisse
837 970 934 1002 facile
951 970 1130 1013 intelliges,
1157 971 1184 1002 si
1201 972 1319 1012 poetae
1335 969 1555 1002 eruditionem
1573 969 1826 1012 doctrinamque
1842 969 2111 1008 consideraveris,

189 1036 275 1069 quae
299 1025 371 1058 sine
394 1036 518 1070 magno
544 1027 680 1068 sumptu
705 1025 816 1068 parari
852 1036 918 1058 non
950 1025 1069 1068 potuit.
1119 1024 1251 1057 Etenim
1277 1027 1372 1057 tanta
1397 1024 1482 1064 fuit,
1516 1027 1554 1057 ut
1585 1025 1656 1057 sine
1691 1023 1792 1057 dubio
1817 1036 1837 1056 a
1860 1023 1954 1057 nullo
1979 1023 2116 1057 scientia

188 1081 379 1114 litterarum
404 1081 449 1113 sit
473 1083 662 1123 superatus,
688 1083 722 1113 et
746 1081 869 1123 ubique
895 1081 1017 1113 artium
1043 1081 1244 1124 elegantium
1271 1082 1304 1112 et
1320 1080 1539 1122 ingenuarum
1557 1079 1701 1123 vestigia
1718 1082 1912 1119 occurrunt,
1938 1091 2016 1112 nam
2031 1078 2112 1112 Ale·

188 1136 373 1169 xandrinus
397 1146 501 1178 quum
527 1136 581 1175 sit,
608 1135 718 1178 patrio
742 1146 834 1167 more
858 1134 983 1167 nullam
1008 1134 1195 1167 litterarum
1222 1135 1331 1167 studia
1361 1134 1550 1167 ostentandi
1575 1134 1770 1167 facultatem
1797 1135 2046 1177 praetermittit.

301 1189 460 1223 Omnium
486 1202 596 1223 rerum
622 1190 761 1223 scientia
785 1190 968 1223 instructus
993 1192 1025 1222 et
1051 1192 1241 1232 poematum
1266 1189 1467 1223 Graecorum
1491 1191 1646 1233 expertus
1671 1201 1723 1223 an.
1742 1201 1773 1233 p.
1794 1189 1871 1222 Chr.
1889 1202 1920 1223 n.
1940 1189 2017 1223 395.
2043 1189 2111 1222 Ro—

189 1258 264 1279 mae
289 1247 468 1279 invenitur.
519 1247 566 1279 At
591 1258 675 1289 quae
700 1246 842 1279 Romam
869 1246 920 1279 vel
945 1247 978 1279 in
996 1245 1128 1279 Italiam
1153 1245 1414 1288 transmigrandi
1439 1245 1543 1279 fuerit
1566 1257 1665 1279 causa
1689 1247 1747 1279 aut
1763 1245 1928 1289 quomodo
1953 1246 1994 1279 ad
2019 1244 2114 1279 Stili-

189 1301 330 1335 chonem
355 1302 399 1335 sit
425 1302 595 1341 deductus,
620 1301 712 1335 latet.
774 1300 846 1341 Quo
879 1312 965 1333 anno
994 1300 1132 1333 Romani
1166 1300 1336 1332 advenerit
1368 1302 1401 1333 et
1425 1299 1533 1343 primo
1557 1299 1676 1333 Latina
1708 1300 1856 1333 carmina
1880 1301 2112 1343 composuerit,

190 1357 262 1400 ipse
287 1356 342 1397 42,
370 1357 412 1389 14
438 1357 668 1389 demonstrat:

581 1410 749 1444 Romanos
774 1411 919 1445 bibimus
944 1412 1086 1454 primum
1114 1414 1146 1444 te
1171 1412 1305 1444 consule
1330 1411 1438 1444 fontes

625 1466 671 1499 Et
695 1466 809 1499 Latiae
834 1468 932 1500 cessit
958 1466 1058 1499 Graia
1083 1466 1202 1499 Thalia
1226 1470 1334 1510 togae,

580 1522 812 1565 Incipiensque
837 1523 904 1555 tuis
929 1535 948 1555 a
973 1523 1117 1555 fascibus
1144 1523 1255 1555 omina
1278 1522 1381 1565 coepi.

309 1576 465 1620 Epistola
490 1579 540 1610 est
565 1578 689 1620 scripta
715 1577 756 1610 ad
781 1577 982 1619 Probinum,
1016 1578 1074 1622 qui
1107 1588 1181 1611 cum
1207 1577 1344 1621 Olybrio
1379 1577 1483 1611 fratre
1509 1577 1622 1611 consul
1647 1577 1713 1611 fuit
1737 1589 1789 1610 an.
1815 1589 1846 1621 p.
1871 1576 1948 1611 Chr.
1978 1589 2009 1610 n.
2036 1577 2116 1611 395.

193 1630 306 1664 Verba
332 1631 456 1671 „Graia
482 1632 603 1665 Italia“
631 1633 652 1664 i.
671 1644 697 1665 e.
717 1632 842 1664 Graeca
867 1635 1040 1675 poemata,
1080 1644 1221 1675 quorum
1246 1645 1351 1676 pauca
1375 1636 1561 1676 supersunt,
1589 1633 1734 1676 patrium
1759 1644 1943 1666 sermonem
1968 1634 2001 1665 et
2025 1632 2114 1675 prio-

192 1698 262 1720 rem
287 1687 397 1720 sedem
422 1686 621 1727 ostendunt,
655 1689 688 1719 et
713 1698 751 1719 ea
776 1688 923 1719 carmina
947 1688 982 1720 in
1006 1687 1143 1720 orientis
1169 1687 1247 1720 solis
1272 1687 1444 1730 partibus,
1470 1699 1536 1721 non
1561 1688 1595 1721 in
1621 1687 1720 1720 Italia
1744 1690 1821 1720 sunt
1845 1688 1980 1730 scripta.
2028 1687 2115 1720 Nam

193 1743 300 1775 virum
325 1742 517 1775 litterarum
543 1743 693 1774 doctrina
723 1745 948 1784 praestantem
979 1745 1079 1785 atque
1112 1744 1260 1775 omnium
1284 1755 1394 1775 rerum
1420 1743 1656 1785 peritissimum
1681 1743 1819 1776 Latinae
1843 1742 1996 1786 linguae,
2032 1754 2117 1786 quae

190 1798 226 1830 in
250 1797 336 1837 foro,
362 1797 398 1829 in
423 1799 560 1836 senatu,
596 1797 631 1829 in
656 1796 742 1836 aula,
768 1797 801 1829 in
828 1797 973 1829 exercitu
1000 1797 1149 1840 vigebat,
1180 1809 1246 1830 non
1272 1798 1386 1830 rudem
1410 1798 1534 1838 fuisse,
1561 1809 1657 1831 nemo
1681 1797 1829 1842 negabit,
1855 1800 1893 1831 ut
1917 1808 1983 1831 non
2008 1797 2114 1831 dicam

190 1853 382 1885 litterarum
408 1852 605 1885 Latinarum
631 1852 815 1892 scientiam,
841 1852 933 1884 cuius
959 1853 1100 1894 vestigia
1133 1853 1238 1885 multa
1272 1853 1305 1885 in
1332 1852 1506 1886 Claudiani
1531 1853 1685 1896 operibus
1709 1856 1900 1894 occurrunt,
1937 1853 2040 1886 animi
2064 1853 2115 1887 in-

190 1907 454 1941 flammationem
480 1908 666 1941 maiestatis
693 1907 862 1941 Romanae
896 1907 1114 1951 pristinorum
1140 1910 1337 1951 temporum,
1364 1908 1480 1943 militis
1506 1909 1674 1950 officium,
1700 1921 1765 1953 quo
1790 1910 1824 1943 in
1848 1909 1931 1943 alias
1955 1912 2060 1943 terras
2085 1911 2118 1942 et

189 1964 225 1995 in
250 1963 385 1996 Italiam
410 1963 573 1996 deductus
602 1974 672 1995 esse
697 1964 836 1996 videtur.

306 2017 499 2052 Auctumno
524 2018 603 2051 anni
628 2030 659 2062 p.
694 2017 770 2051 Chr.
806 2030 837 2051 n.
864 2019 940 2052 394.
967 2018 1090 2051 bellum
1115 2020 1230 2050 contra
1254 2018 1442 2061 Eugenium
1469 2018 1519 2052 vel
1545 2019 1767 2064 Arbogastem
1801 2022 1851 2053 est
1874 2021 2015 2063 gestum.
2065 2018 2117 2052 Ad

189 2074 222 2106 id
256 2074 440 2116 gerendum
476 2074 658 2115 imperator
690 2073 897 2105 Theodosius
928 2072 952 2106 I.
989 2073 1100 2105 omnia
1131 2073 1266 2106 molitus
1299 2077 1370 2106 erat
1404 2078 1436 2107 et
1473 2079 1721 2118 comparaverat
1754 2078 1787 2108 et
1820 2075 1982 2108 maximas
2008 2075 2120 2118 copias

189 2139 230 2161 ex
254 2127 411 2161 omnibus
437 2127 576 2161 orientis
602 2127 753 2171 partibus
779 2130 933 2172 coegerat
959 2128 988 2167 7,
1011 2128 1073 2160 64:

624 2182 757 2215 Interea
782 2184 917 2215 turbata
942 2183 1033 2221 fides,
1058 2183 1169 2215 civilia
1197 2195 1309 2215 rursus

580 2236 676 2271 Bella
701 2239 820 2270 tonant
845 2236 1049 2281 dubiumque
1073 2238 1183 2282 quatit
1208 2238 1370 2272 discordia
1396 2240 1563 2273 mundum.

580 2292 750 2326 Barbarus
767 2292 948 2334 Hesperias
973 2293 1066 2325 exsul
1092 2294 1282 2335 possederat
1308 2295 1405 2327 urbes

579 2347 783 2392 Sceptraque
807 2346 934 2380 deiecto
959 2347 1095 2380 dederat
1122 2347 1272 2381 Romana
1296 2347 1418 2381 clienti.

578 2404 655 2436 Jam
682 2404 836 2446 princeps
862 2402 1001 2436 molitur
1025 2404 1088 2435 iter
1112 2406 1295 2447 gentesque
1319 2408 1462 2438 remotas

579 2458 719 2502 Colligit
743 2457 905 2498 Aurorae,
930 2458 1079 2491 tumidus
1104 2469 1317 2503 quascunque
1343 2464 1491 2503 pererrat

579 2514 782 2556 Euphrates,
810 2526 892 2556 quas
918 2514 1041 2547 lustrat
1065 2513 1181 2557 Halys,
1207 2526 1289 2557 quas
1315 2515 1399 2548 ditat
1425 2516 1577 2550 Orontes.
