2311 2803
1013 71 1237 104 -13.-

161 171 269 204 tivum
293 170 341 203 ita
364 169 577 203 coniunctum
613 170 799 210 invenitur3
834 182 936 215 quare
959 171 1002 206 ab
1024 172 1234 216 peritissimis
1268 173 1459 217 „vigentes¹‘
1489 172 1687 216 praefertur.
1736 170 1865 204 Littera
1889 169 1906 202 f
1927 170 1963 202 in
1988 169 2092 203 verbo

164 225 303 268 „fidem‘
341 225 423 260 item
456 226 611 271 cognosci
646 238 712 261 non
743 230 870 271 potest,
906 230 1020 262 utrum
1044 227 1147 262 fuerit
1171 228 1199 262 Ε
1224 241 1266 263 an
1291 228 1335 269 F;
1372 229 1486 273 itaque
1509 229 1561 263 vir
1597 227 1810 262 doctissimus
1834 226 1972 271 quidam
2006 225 2093 270 legit

164 281 331 322 „eidem‘3
356 283 392 314 at
414 282 619 325 praepositio
645 283 687 316 ob
711 284 935 316 accusativum
959 284 1125 323 vindicat;
1150 295 1249 327 quam
1274 285 1316 317 ab
1339 295 1472 317 causam
1488 283 1629 323 „fidem‘
1648 282 1894 316 restituendum
1912 284 1972 315 est.
2011 281 2089 314 Mn·

161 335 272 370 tilatio
296 338 519 370 extremarum
544 336 709 371 linearum
734 341 803 371 tam
820 337 902 372 levis
927 342 988 380 est,
1013 341 1052 373 ut
1075 340 1146 373 sine
1177 338 1248 372 ullo
1272 340 1406 382 negotio
1439 338 1540 372 verba
1573 339 1688 372 nativa
1711 339 1966 382 cognoscantur.
2016 336 2089 369 An·

161 392 356 435 gustissima
378 393 466 425 enim
490 395 541 425 est
565 393 658 433 rima,
684 404 769 437 quae
793 393 970 427 abtruncat
993 394 1011 426 f
1033 394 1124 426 verbi
1150 393 1387 433 „felicissimi“,
1413 396 1437 426 t.
1463 394 1565 426 verbo
1589 392 1803 425 doctissimo·
1816 416 1825 431 ,
1860 392 2005 434 priorem
2029 390 2089 424 lit-

161 449 268 481 teram
293 457 313 480 o
338 446 431 480 verbi
459 446 587 488 „foro‘·,
613 460 630 481 r
654 448 746 482 verbi
770 447 1030 493 collocariq(ue).
1080 447 1114 482 Si
1140 449 1180 483 lis
1204 451 1263 489 est,
1288 451 1400 482 utrum
1425 447 1569 492 βασιλεῖς
1598 460 1640 482 an
1665 445 1803 492 βασιλῆς
1826 447 1872 480 sit
1895 445 2087 491 legendum,

161 501 251 534 haud
275 500 373 534 facile
396 502 607 542 diiudicatur,
632 514 745 546 quum,
771 506 809 536 ut
832 515 933 547 supra
957 505 1116 544 diximus,
1151 505 1259 537 forma
1283 505 1471 538 litterarum
1496 503 1543 537 ΕΙ
1569 504 1619 537 vel
1646 503 1677 536 H
1711 510 1778 536 non
1811 503 1895 536 bene
1918 513 2086 545 expressa,

161 560 311 602 tempore
334 568 402 591 non
427 558 513 591 nihil
539 558 648 592 deleta
671 560 724 592 sit.

277 612 497 657 Inscriptione
520 615 675 648 docemur
698 614 871 648 tribunum
896 618 930 648 et
953 615 1120 648 notarium
1146 615 1363 648 Claudianum
1388 615 1498 648 fuisse.
1548 614 1672 653 Quodsi
1708 614 1785 657 quis
1810 614 1957 646 litteram
1982 613 2007 646 C
2034 624 2086 646 se»

161 669 289 703 eundae
312 668 419 703 lineae
444 670 670 713 inscriptionis
694 682 754 714 pro
778 671 910 704 nomine
930 669 1134 710 „consulari“
1163 670 1303 713 positam
1320 681 1389 703 esse
1404 670 1538 710 iudicat,
1563 669 1635 703 sine
1651 668 1755 702 dubio
1772 670 1872 708 errat,
1897 668 1986 712 quod
2011 679 2085 701 om-

161 724 259 757 nibus
283 725 317 757 iu
341 726 566 758 monumentis
590 726 703 758 eodem
728 736 825 758 sensu
849 725 1019 758 invenitur
1043 727 1076 757 ct
1099 725 1235 757 nomina
1259 725 1421 758 honorum
1445 736 1511 758 non
1536 736 1604 757 una
1627 724 1741 757 littera
1756 723 2002 768 significantur,
2028 724 2087 757 sed

161 790 283 813 nomen
306 782 414 813 totum
438 780 599 825 pingitur.
649 779 766 824 Neque
790 791 931 824 usquam
956 780 1175 813 Claudianum
1199 780 1366 813 consulem
1391 780 1492 813 fuisse
1521 780 1675 813 occurrit.
1724 780 1836 823 Atque
1859 781 1950 812 certe
1975 780 2087 822 poeta,

161 834 189 867 si
214 834 319 868 fasces
343 834 552 874 obtinuisset,
578 846 680 878 quum
706 835 789 868 alias
812 835 956 868 honores
980 838 1252 869 commemoraret
1276 838 1334 869 aut
1357 838 1527 879 tangeret,
1563 835 1684 869 summi
1709 835 1774 868 sibi
1809 834 1912 868 delati
1937 833 2086 873 honoris,

161 889 218 933 qui
244 889 285 923 ad
309 889 508 923 clarissimos
536 889 624 922 viros
649 889 737 923 solos
760 900 798 923 ac
823 889 987 933 principes
1013 889 1206 929 deferretur,
1231 891 1366 923 minime
1390 892 1475 923 esset
1498 889 1632 923 oblitus.

278 944 313 979 Si
336 957 434 989 quem
459 945 708 990 epigrammatis
732 945 866 979 tabulae
890 945 1069 988 subscripti
1093 945 1165 978 laus
1192 945 1324 978 modum
1346 945 1502 978 excedens
1520 944 1707 979 offenderit.
1734 944 1835 978 etiam
1853 943 1951 977 hodie
1968 943 2083 977 eadem

161 1000 376 1043 exaggeratio
411 1000 552 1033 videtur.
601 1000 639 1033 In
674 999 789 1032 libello
823 1002 993 1032 menstruo
1032 1000 1230 1038 britannico,
1266 1000 1321 1042 qui
1347 1000 1464 1043 family
1489 1000 1602 1032 herald
1626 998 1840 1037 inscribitur,
1878 998 1957 1031 anni
1984 997 2084 1032 1869.

160 1055 294 1100 enigma
317 1054 379 1088 hoc
403 1055 567 1099 scriptum
591 1066 644 1088 me
668 1054 779 1099 legere
802 1054 959 1088 memini:

547 1110 655 1143 Three
678 1113 772 1152 poets
797 1111 831 1142 in
855 1110 951 1143 three
975 1110 1101 1143 distant
1124 1121 1202 1153 ages
1227 1110 1319 1149 born,

549 1163 680 1203 Greece,
705 1164 793 1208 Italy
818 1164 883 1198 and
909 1164 1067 1209 England
1092 1164 1146 1198 did
1170 1164 1283 1203 adorn,

547 1219 619 1253 The
642 1220 716 1253 first
739 1220 773 1251 in
797 1223 915 1252 nature
940 1220 1005 1252 and
1027 1220 1062 1252 in
1086 1220 1233 1263 thought
1256 1220 1431 1261 surpass’d,

548 1273 620 1308 The
643 1277 723 1308 next
746 1274 780 1307 in
806 1274 957 1319 mnjesty,
983 1274 1017 1307 in
1042 1273 1122 1307 both
1147 1274 1205 1307 the
1228 1273 1301 1307 last.

547 1331 618 1363 The
643 1330 733 1363 force
757 1330 796 1363 of
817 1333 936 1362 nature
960 1330 1058 1362 could
1082 1341 1125 1362 no
1149 1330 1279 1362 further
1303 1341 1345 1370 go

547 1383 596 1417 To
621 1383 717 1417 make
741 1395 761 1417 a
784 1383 885 1423 third,
911 1383 969 1416 she
990 1383 1102 1427 joined
1128 1383 1184 1416 the
1209 1386 1283 1416 two.

259 1433 390 1474 ⁴Posita
414 1443 464 1473 est
488 1443 635 1479 statuta,
670 1442 845 1482 postquam
881 1440 968 1472 inter
993 1438 1185 1472 Stilichonis
1209 1439 1345 1472 comites
1371 1438 1511 1472 Romam
1536 1439 1689 1478 devenit,
1726 1451 1779 1471 an.
1805 1450 1836 1481 p.
1863 1436 1942 1471 Chr.
1967 1449 1999 1470 n.
2026 1439 2087 1470 aut

160 1496 237 1529 400.
256 1498 314 1529 aut
328 1496 404 1528 401.
444 1494 547 1527 Paulo
572 1496 648 1537 post
671 1494 705 1526 in
732 1494 922 1537 Aegyptum
949 1493 1042 1532 abiit,
1069 1492 1125 1526 ubi
1150 1505 1285 1527 uxorem
1303 1493 1444 1527 duceret.
1494 1493 1621 1526 Eodem
1647 1505 1745 1533 anno,
1771 1504 1838 1536 quo
1855 1494 1977 1531 statua,
2003 1491 2084 1526 ordo

160 1550 344 1584 senatarius
369 1553 486 1593 poetae
510 1549 659 1582 decretus
686 1551 744 1588 est,
770 1548 858 1591 quod
882 1560 1004 1592 magno
1028 1560 1084 1582 ore
1108 1548 1276 1592 praedicat
1299 1548 1354 1589 25,
1379 1548 1419 1581 8:

592 1602 722 1647 Oraque
746 1603 905 1647 patricius
928 1606 1042 1637 nostra
1065 1603 1187 1637 dicavit
1211 1604 1325 1637 honos.

544 1658 675 1691 Annuit
697 1658 785 1690 hunc
808 1658 961 1700 princeps
985 1657 1122 1690 titulum
1145 1661 1301 1700 poscente
1325 1661 1452 1692 senatu.

277 1713 457 1746 Patricium
482 1713 640 1745 honorem
664 1723 734 1745 esse
759 1713 916 1745 honorem
949 1724 968 1744 a
992 1712 1142 1753 patribus
1175 1713 1326 1745 habitum
1368 1713 1513 1746 Gesnero
1547 1714 1781 1755 interpretanti
1817 1725 1885 1747 non
1909 1715 2083 1754 assentiar,

160 1768 216 1802 sed
240 1768 355 1812 patris,
381 1767 544 1802 senatoris
569 1766 777 1812 dignitatem,
804 1765 952 1800 ordinem
979 1766 1183 1801 senatorium
1208 1778 1278 1800 esse
1303 1766 1385 1801 mihi
1411 1767 1570 1812 persuasi,
1599 1770 1637 1802 ut
1664 1767 1695 1810 8,
1719 1767 1759 1801 6:

545 1822 707 1855 Patricios
731 1824 868 1854 sumunt
891 1821 1037 1861 habitus,

159 1882 193 1913 et
216 1877 270 1920 28,
296 1878 361 1913 61:

543 1932 797 1976 Patricias(que)
822 1933 945 1966 domos.

277 1990 387 2033 Atque
411 1988 631 2022 Claudianum
656 1987 780 2022 ordinis
804 1987 962 2021 senatorii
987 1988 1090 2021 fuisse
1116 1988 1169 2028 16,
1198 1988 1238 2021 17
1264 1988 1428 2022 efficitur:

546 2043 701 2087 Princeps
726 2054 792 2075 non
816 2042 936 2087 aquilis
963 2046 1085 2075 terram
1110 2054 1306 2088 cognoscere
1331 2048 1434 2077 curat.

592 2098 720 2132 Certius
744 2098 779 2131 in
802 2098 898 2132 nobis
923 2098 1078 2131 aestimat
1101 2098 1288 2142 imperium.

273 2155 324 2196 16,
352 2155 388 2188 7:
414 2154 567 2188 Culmina
591 2153 733 2186 Romani
758 2153 1060 2196 maiestatemque)
1086 2155 1220 2186 senatus
1230 2153 1252 2196 z)

546 2208 618 2242 Hoc
643 2218 704 2253 ego
729 2207 868 2241 concilio
891 2207 1062 2240 collectum
1088 2208 1208 2240 metior
1232 2209 1362 2247 orbem;

592 2264 664 2297 Hoc
688 2264 782 2296 video
805 2265 910 2302 coetu,
936 2263 1094 2314 quidquid
1121 2262 1245 2307 ubique
1270 2264 1380 2297 micat.

272 2321 396 2362 Quodsi
430 2320 503 2364 quis
536 2319 632 2363 lapsu
655 2318 772 2352 calami
797 2329 940 2351 errorem
964 2317 1135 2361 irrepsisse
1159 2320 1192 2351 et
1211 2318 1347 2358 „vobis‘
1374 2329 1444 2353 esse
1460 2319 1647 2364 legendum,
1674 2321 1763 2365 quod
1780 2321 1881 2355 codex
1900 2321 2085 2356 Vaticanus

161 2378 272 2419 habet,
299 2376 501 2421 opposuerit,
527 2374 775 2413 Ambrosianus,
802 2373 903 2407 codex
926 2372 1016 2407 haud
1040 2373 1150 2406 minus
1174 2376 1293 2413 certus,
1321 2375 1378 2418 qui
1403 2375 1540 2415 „nobis“
1567 2375 1751 2416 confirmat,
1778 2376 1863 2410 mihi
1886 2380 1938 2412 est
1962 2378 2085 2412 funda-

162 2436 283 2473 mento,
309 2435 410 2476 atque
433 2432 541 2475 prima
564 2441 705 2473 persona
728 2428 867 2472 pluralis
897 2440 995 2462 versu
1019 2428 1040 2462 9
1067 2429 1259 2469 „audimur“
1297 2433 1330 2463 et
1356 2431 1397 2463 10
1424 2430 1587 2470 „ibimus“
1614 2433 1790 2474 praecedit,
1816 2435 1850 2466 et
1873 2445 1958 2467 vers.
1983 2434 2028 2467 20
2052 2438 2086 2467 et

161 2488 203 2522 21
228 2490 328 2532 poeta
352 2499 386 2521 se
410 2485 540 2520 senatui
564 2485 773 2519 adnumerat:
