2311 2803
164 98 390 141 consulatum,
415 98 530 133 eodem
555 110 643 134 anno
666 101 743 144 post
767 98 881 135 Rufini
905 111 1073 141 occasum,
1110 101 1169 145 qui
1192 101 1332 145 septimo
1357 102 1435 135 anni
1460 101 1537 136 395.
1563 112 1676 135 mense
1700 99 1889 135 trucidatus
1914 100 1986 140 est,
2020 108 2095 132 car-

165 155 258 189 mina
288 154 324 187 in
350 153 522 195 Rufinum,
548 154 626 189 396.
652 156 872 199 panegyricus
903 156 938 188 in
964 155 1024 189 ΠΙ.
1051 158 1085 189 et
1111 155 1189 189 398.
1217 156 1251 189 in
1278 156 1336 190 IV.
1367 156 1510 190 Honorii
1533 156 1755 189 consulatum.
1814 154 1976 188 Eiusdem
2013 152 2096 186 anni

167 211 239 246 sine
263 208 365 244 dubio
389 211 440 244 est
463 221 595 245 carmen
619 210 660 245 dc
683 210 810 255 nuptiis
828 210 970 245 Honorii
995 213 1028 245 et
1045 210 1172 245 Mariae
1195 213 1228 246 et
1253 211 1443 246 fescennina
1467 214 1501 246 et
1525 211 1604 247 399.
1630 211 1774 246 alterum
1799 220 1935 245 carmen
1959 209 1995 243 in
2022 208 2095 243 Eu·

163 265 332 310 tropium:
357 277 435 298 nam
449 265 615 309 Eutropio
639 267 714 299 vivo
738 266 773 299 id
796 277 866 299 esse
890 266 1052 310 scriptum
1076 278 1094 299 e
1118 269 1190 299 toto
1214 267 1360 300 carmine
1385 270 1539 311 apparet:
1564 279 1602 301 eo
1627 272 1761 300 mortuo
1786 276 1922 299 carmen
1946 265 1988 298 de
2004 264 2094 298 bello

168 321 342 355 Gildonico
366 320 494 355 factum
517 333 588 355 esse
611 334 651 355 ex
679 321 733 362 15,
761 322 783 355 4
806 321 1055 366 cognoscimus:

770 376 954 410 Concordia
977 377 1103 410 fratum

551 432 654 466 Plena
677 432 774 466 redit.

282 486 447 531 Eutropio
471 487 560 520 enim
584 487 660 520 vivo
675 486 842 520 Honorius
866 490 899 520 et
914 487 1074 520 Arcadius
1097 487 1262 521 discordes
1286 490 1399 527 erant,
1424 499 1526 532 quum
1552 489 1735 532 Eutropius
1764 488 1918 522 Gildonis
1942 487 2092 521 consiliis

167 543 360 577 indulsisset
384 545 418 577 et
441 543 686 587 praevaricatus
710 546 805 584 esset,
832 544 920 588 quod
937 543 1140 577 Claudianus
1165 544 1218 585 18,
1244 545 1312 579 396
1337 547 1540 578 commouet:

768 599 904 632 Discors
929 599 1039 632 oriens
1063 599 1217 633 felicibus
1241 602 1323 633 actis

550 653 681 688 Invidet
705 656 806 698 atque
830 653 897 687 alio
921 653 1049 688 Phoebi
1072 654 1113 688 de
1137 655 1271 689 cardine
1293 657 1438 699 surgunt

549 707 705 747 Crimina,
732 720 773 742 ne
797 711 869 742 toto
894 709 1059 752 conspiret
1084 720 1222 752 corpore
1246 720 1396 753 regnum.

550 763 701 799 Gildonis
723 766 817 798 taceo
842 776 964 810 magna
987 775 1060 798 cum
1086 763 1183 798 laude
1206 768 1373 808 receptam

549 820 725 853 Perfidiam
751 822 785 852 et
809 820 912 853 fretos
936 820 1008 853 Eoo
1033 820 1150 853 robore
1175 820 1320 859 Mauros,

164 877 198 908 et
225 874 276 916 15,
310 874 399 909 236:

596 932 635 965 In
659 931 781 964 fratres
806 931 913 964 medio
937 931 1102 964 discordia
1127 930 1245 964 Mauro

550 985 720 1026 Nascitur,
745 988 779 1018 et
801 985 943 1019 mundus
966 996 1190 1029 germanaque
1213 985 1351 1019 dissidet
1376 986 1479 1019 aula?

346 1048 348 1050 ·
550 1039 742 1073 Gildonisne
766 1039 855 1073 salus
880 1040 967 1073 tanti
991 1040 1036 1073 sit
1060 1040 1171 1083 palma
1194 1040 1344 1074 furoris?

166 1097 200 1130 et
229 1097 281 1137 15,
312 1095 399 1129 257:

771 1150 845 1184 Tali
868 1152 902 1184 te
925 1151 1057 1184 credere
1081 1153 1230 1184 monstro

551 1207 632 1241 Post
655 1209 784 1252 patrem
810 1205 1014 1251 fratremque
1038 1208 1161 1251 paras?
1186 1205 1250 1240 Sed
1275 1217 1396 1251 magna
1420 1206 1571 1251 rependit

551 1263 657 1307 Inque
680 1266 773 1296 tuam
799 1264 921 1295 sortem
945 1273 1140 1295 numerosas
1163 1262 1338 1295 transtulit
1361 1263 1468 1295 urbes.

551 1319 644 1363 Ergo
668 1318 721 1352 fas
745 1318 852 1362 pretio
877 1318 992 1352 cedet?
1018 1317 1168 1351 Mercede
1192 1317 1335 1361 placebit

552 1373 727 1407 Proditio?
752 1369 878 1418 Taceo,
895 1373 977 1406 laesi
1001 1373 1090 1416 quod
1114 1373 1289 1416 transfuga
1313 1373 1437 1406 fratris.

283 1432 472 1467 Perfectum
497 1441 627 1464 carmen
652 1428 779 1462 Romae
802 1439 873 1461 esse
897 1428 952 1469 25,
978 1430 998 1462 5
1035 1431 1069 1461 et
1093 1428 1239 1462 ostendit
1267 1439 1374 1472 neque
1408 1431 1506 1462 antea
1529 1439 1659 1461 carmen
1684 1427 1718 1461 in
1746 1425 1945 1460 Stilichonis
1968 1436 2091 1460 consu-

168 1488 273 1522 latum
298 1487 459 1530 scriptum
484 1496 555 1518 esse
579 1484 709 1528 opinari
733 1483 843 1527 cogit:

552 1537 705 1572 Consulis
728 1537 784 1571 hic
808 1537 914 1570 fasces
938 1537 1043 1570 cecini
1067 1536 1272 1581 Libyamque
1295 1539 1461 1580 receptam

597 1593 662 1626 Hic
685 1592 767 1626 mihi
792 1592 969 1635 prostratis
992 1591 1081 1625 bella
1104 1592 1251 1625 canenda
1276 1592 1378 1625 Getis.

282 1650 438 1696 Sequitur
462 1648 682 1694 panegyricus
706 1646 741 1680 in
765 1646 972 1680 consulatum
990 1646 1041 1680 Fl.
1064 1646 1171 1680 Mallii
1189 1646 1366 1687 Theodori,
1391 1647 1447 1691 qui
1464 1658 1518 1680 an.
1535 1658 1568 1690 p.
1581 1645 1641 1680 Ch.
1656 1657 1690 1679 n.
1705 1646 1784 1680 399.
1809 1646 1916 1680 fasces
1932 1645 2092 1686 obtinuit,

171 1710 205 1741 et
227 1707 368 1741 alterum
393 1706 429 1739 in
444 1704 643 1747 Eutropium
668 1713 800 1736 carmen
835 1713 910 1734 cum
945 1702 1171 1744 praefatione:
1201 1702 1235 1735 id
1252 1702 1381 1735 factum
1399 1713 1480 1743 esse,
1505 1714 1609 1745 quum
1625 1702 1698 1745 ipso
1723 1702 1892 1735 consulari
1916 1712 2006 1735 anno
2030 1712 2092 1744 op-

171 1773 303 1808 pressus
327 1762 421 1802 esset,
454 1759 504 1800 19,
534 1760 555 1793 9
580 1758 733 1792 docetur:

552 1814 668 1848 Illatas
691 1812 806 1846 consul
830 1824 952 1856 poenas
976 1824 1011 1846 se
1036 1812 1170 1846 consule
1194 1812 1304 1846 solvit.

277 1871 414 1905 Summa
436 1869 509 1902 laus
533 1869 734 1912 plaususque
758 1879 796 1901 ac
819 1867 961 1900 honores
987 1868 1029 1900 ab
1054 1868 1169 1901 amicis
1194 1867 1448 1910 fautoribusque
1473 1869 1591 1910 poetae
1606 1866 1853 1905 tribuebantur,
1879 1866 2002 1910 quibus
2018 1878 2093 1900 car·

169 1927 261 1960 mina
284 1925 427 1970 legebat,
451 1927 489 1958 ut
511 1935 635 1968 magna
660 1934 736 1956 voce
760 1921 922 1956 exclamet
946 1923 1000 1962 25,
1026 1923 1066 1956 6:

597 1978 693 2012 Prior
717 1978 863 2022 effigiem
887 1977 1006 2011 tribuit
1029 1989 1196 2011 successus
1220 1978 1372 2018 ahenam,

552 2033 685 2076 Oraque
709 2033 869 2075 patricius
893 2035 1008 2064 nostra
1032 2032 1156 2065 dicavit
1178 2032 1294 2065 honos.

553 2087 683 2122 Annuit
705 2086 794 2120 hunc
817 2086 970 2131 princeps
994 2086 1130 2120 titulum
1155 2089 1310 2130 poscente
1335 2089 1463 2127 senatu,

172 2149 205 2180 et
230 2148 284 2186 25,
315 2146 377 2179 12:

553 2196 762 2232 Carminibus
786 2196 917 2229 veniam
941 2196 1089 2240 praemia
1113 2199 1209 2230 tanta
1234 2199 1368 2242 negant,

172 2259 206 2291 et
235 2256 287 2296 16,
323 2257 359 2289 1:

553 2309 753 2350 Audebisne,
777 2319 903 2353 precor,
928 2307 1044 2341 doctae
1067 2306 1217 2341 subiecta
1240 2310 1393 2341 catervae

599 2365 691 2399 Inter
714 2367 766 2398 tot
789 2375 950 2408 procereS,
976 2365 1091 2397 nostra
1115 2362 1245 2402 Thalia,
1269 2363 1391 2407 loqui?

173 2425 208 2456 et
231 2422 352 2457 elatius
375 2433 563 2467 magnaque
587 2420 733 2465 optimae
757 2419 878 2453 mentis
902 2418 1104 2452 conscientia
1131 2418 1185 2458 16,
1214 2418 1253 2452 9:
