2311 2803
1041 0 1245 24 -γ-

564 89 736 124 Turiferos
763 90 892 124 Arabes
916 91 1030 132 saltus,
1057 91 1141 124 vada
1166 91 1286 135 Caspia
1311 90 1410 130 Medi,

564 145 716 180 Armenii
743 145 876 188 Phasin,
903 146 1021 180 Parthi
1046 146 1173 191 liquere
1197 147 1379 191 Niphaten.

288 208 470 254 Postquam
495 210 701 244 Theodosius
734 213 853 254 quarto
877 223 989 244 mense
1013 214 1089 254 post
1112 211 1301 256 Eugenium
1334 212 1447 245 fusum
1482 214 1516 244 et
1539 211 1756 250 trucidatum,
1782 210 1900 253 primis
1925 210 2006 242 anni
2030 208 2110 242 395.

181 264 298 298 diebus
322 264 503 299 Mediolani
527 267 679 300 mortuus
702 268 762 307 est,
787 267 910 310 copiae,
936 278 1021 311 quae
1045 278 1120 301 cum
1144 268 1344 311 imperatore
1370 270 1539 308 venerant,
1565 278 1671 311 usque
1689 266 1730 300 ad
1755 276 1903 300 mensem
1929 265 2110 309 septimum

182 320 328 353 eiusdem
352 321 430 353 anni
454 321 489 353 in
514 321 692 354 occidentis
716 321 869 364 partibus
893 325 1123 355 remanserunt
1156 326 1189 355 et
1213 322 1390 365 pleraeque
1414 323 1449 355 in
1473 322 1582 355 Italia.
1632 322 1671 355 In
1705 321 1760 354 his
1789 323 1879 354 certe
1904 319 2109 354 Claudianus

179 374 262 414 fuit;
288 386 364 408 nam
390 386 456 419 quo
480 376 552 410 loco
576 376 656 410 belli
680 379 812 411 constra
828 377 1019 421 Eugenium
1052 377 1137 421 gesti
1162 378 1364 411 mentionem
1390 377 1481 419 facit,
1506 377 1632 421 optime
1656 376 1809 421 singulas
1833 387 1885 410 res
1902 375 2059 419 pernovit
2075 377 2110 408 et

181 430 345 473 copiosius
369 430 534 469 describit.
561 434 599 464 ut
622 443 697 464 eum
721 432 912 465 interfuisse
936 433 1114 465 verisimile
1139 444 1177 465 ac
1201 444 1332 465 necesse
1356 433 1415 472 sit;
1442 433 1472 472 7,
1499 434 1542 465 64
1566 433 1765 466 documento
1790 434 1842 465 est
1868 435 1902 464 et
1919 431 1950 470 7,
1971 431 2034 464 87:

1001 496 1152 529 Victoria
1178 495 1274 529 velox

560 551 728 594 Auspiciis
752 551 870 584 effecta
893 552 961 584 tuis
986 551 1167 594 (Honorii).
1196 551 1375 595 Pugnastis
1400 554 1550 595 uterque,

561 604 612 640 Tu
637 606 717 641 fatis
741 606 939 651 genitorque
962 618 1073 640 manu.
1122 606 1169 640 Te
1195 609 1330 651 propter
1355 610 1387 641 et
1411 606 1513 651 Alpes

561 662 676 696 lnvadi
701 662 824 696 faciles.
866 662 971 695 Cauto
996 674 1056 696 nec
1080 663 1209 706 profuit
1232 663 1332 696 hosti.

561 717 700 751 Munitis
725 717 871 751 haesisse
894 717 985 751 locis.
1028 717 1109 761 Spes
1136 718 1234 751 irrita
1258 717 1339 751 valli

563 773 714 806 Concidit
739 776 772 806 et
795 773 940 816 scopulis
964 776 1149 816 patuerunt
1173 774 1319 806 claustra
1343 773 1494 807 revulsis.

563 827 610 861 Te
633 830 770 871 propter
794 827 914 871 gelidis
938 828 1052 871 aquilo
1078 828 1117 861 de
1142 830 1254 861 monte
1280 828 1433 870 procellis

562 881 684 915 Obruit
709 882 863 915 adversas
885 882 971 915 acies
995 882 1213 925 revolutaque
1236 882 1304 914 tela

563 936 675 969 Vertit
699 937 733 969 in
759 938 912 970 auctores
936 939 969 969 et
994 936 1130 969 turbine
1155 936 1280 979 repulit
1303 936 1426 970 hastas.

564 991 591 1025 O
617 991 758 1025 nimium
783 990 902 1024 dilecte
927 991 997 1031 deo,
1024 991 1077 1025 cui
1103 991 1214 1024 fundit
1239 991 1280 1024 ab
1305 992 1410 1026 antris

564 1046 688 1079 Aeolus
713 1049 858 1079 armatas
883 1046 1018 1085 hiemes,
1044 1047 1097 1079 cui
1123 1047 1248 1079 militat
1272 1047 1387 1079 aether

562 1101 609 1134 Et
633 1102 797 1134 coniurati
823 1101 961 1134 veniunt
986 1101 1028 1133 ad
1053 1101 1189 1134 classica
1213 1102 1314 1134 venti.

565 1157 709 1200 Alpinae
734 1157 876 1190 rubuere
900 1157 992 1189 nives
1017 1159 1051 1189 et
1076 1156 1221 1200 frigidus
1246 1157 1352 1190 amnis

562 1211 703 1245 Mutatis
728 1211 871 1244 fumavit
896 1212 991 1255 aquis
1018 1211 1183 1255 turbaque
1207 1212 1380 1244 cadentum

564 1266 686 1307 Staret,
711 1268 746 1300 ni
770 1267 906 1310 rapidus
930 1268 1069 1300 iuvisset
1092 1267 1232 1300 flumina
1256 1268 1401 1311 sanguis.

563 1323 610 1356 At
634 1322 724 1356 ferus
749 1322 905 1355 inventor
930 1322 1089 1355 scelerum
1116 1322 1292 1355 traiecerat
1316 1322 1421 1356 altum

562 1376 639 1410 Non
665 1388 731 1409 uno
758 1388 912 1410 mucrone
938 1377 1025 1410 latus
1051 1376 1238 1421 duplexque
1263 1377 1396 1420 tepebat

561 1432 660 1465 Ensis
686 1435 719 1465 et
743 1432 879 1466 ultrices
904 1432 939 1465 in
964 1444 999 1466 se
1023 1435 1234 1466 converterat
1258 1434 1324 1466 iras

565 1487 711 1520 Tandem
735 1487 824 1520 iusta
848 1498 976 1520 manuS.

293 1552 416 1585 Hostes
440 1551 729 1585 vehementissima
759 1552 903 1595 procella
928 1552 1080 1585 turbatos
1113 1555 1147 1585 et
1171 1553 1263 1586 fusos
1295 1564 1364 1585 esse
1388 1564 1407 1585 a
1432 1563 1543 1585 rerum
1567 1552 1788 1596 scriptoribus
1812 1553 2006 1587 christianis
2031 1566 2106 1587 ver-

183 1607 295 1640 bosius
320 1609 512 1647 enarratum
545 1606 670 1650 legitur
694 1607 781 1650 apud
798 1606 938 1640 Paulum
956 1606 1109 1640 Orosium
1133 1607 1168 1640 in
1190 1607 1268 1639 hist.
1295 1607 1367 1639 adv.
1394 1618 1469 1650 pag.
1489 1606 1565 1647 VII,
1584 1608 1627 1640 35
1653 1610 1687 1640 et
1711 1608 1799 1650 apud
1819 1608 2050 1653 Augustinum
2068 1610 2109 1643 de

183 1663 317 1695 civitate
341 1663 393 1695 dei
412 1661 487 1702 VII,
506 1663 560 1695 26.
609 1661 726 1705 Neque
751 1662 886 1705 ignorat
909 1661 1095 1695 Honorium
1121 1661 1294 1694 confestim
1320 1664 1396 1704 post
1420 1661 1594 1695 victoriam
1621 1674 1640 1695 a
1667 1661 1855 1697 Theodosio
1879 1664 2107 1699 Mediolanum

182 1717 375 1751 accessitum
399 1716 568 1750 celerrime
592 1717 657 1750 iter
681 1716 806 1756 fecisse,
833 1716 862 1758 7,
882 1716 967 1749 106:

563 1781 721 1820 Quamvis
745 1782 919 1814 emeritum
944 1783 1072 1824 peteret
1096 1783 1216 1813 natura
1241 1782 1362 1814 reverti

563 1836 694 1870 Numen
698 1862 932 1877 .....

564 1892 706 1925 Distulit
729 1891 903 1935 Augustus
927 1891 1045 1933 cupido
1070 1903 1104 1923 se
1129 1891 1260 1924 credere
1285 1891 1387 1931 coelo,

565 1946 652 1979 Dum
677 1945 740 1979 tibi
764 1948 918 1989 pacatum
943 1945 1110 1989 praesenti
1134 1945 1280 1979 traderet
1304 1946 1428 1979 orbem.

564 2003 635 2036 Nec
659 2013 770 2035 mora:
797 2001 957 2034 Bistoniis
982 2001 1091 2034 alacer
1115 2002 1287 2045 consurgis
1313 2002 1355 2036 ab
1379 2002 1447 2035 oris
1471 2004 1532 2036 etc.

298 2070 364 2105 Iter
389 2069 524 2104 uberius
548 2067 756 2107 describitur,
782 2066 870 2110 quod
892 2065 1011 2099 afferre
1035 2066 1172 2110 longum
1199 2068 1257 2099 est.
1307 2066 1473 2100 Ultimum
1500 2066 1704 2111 colloquium
1731 2066 1910 2101 Theodosii
1936 2079 2012 2102 cum
2039 2067 2110 2102 Sti-

186 2126 315 2159 lichone
339 2126 491 2159 habitum
519 2125 549 2163 7,
578 2124 639 2156 141
669 2125 819 2155 enarrat:

565 2176 613 2212 Ut
638 2179 773 2211 ventum
798 2176 838 2210 ad
863 2176 966 2217 sedes,
993 2178 1129 2211 cunctos
1155 2177 1319 2211 discedere
1343 2177 1439 2211 tectis

567 2234 645 2266 Dux
669 2232 760 2265 iubet
784 2234 818 2264 et
840 2243 999 2275 generum
1025 2231 1204 2274 compellat
1228 2231 1352 2264 talibus
1377 2232 1486 2265 ultro:

568 2288 772 2333 Bellipotens
797 2286 946 2329 Stilicho,
972 2286 1066 2321 cuius
1091 2286 1174 2320 mihi
1198 2286 1301 2320 robur
1325 2287 1360 2320 iu
1384 2287 1496 2329 armis,

568 2346 652 2379 Pace
675 2345 815 2389 probata
839 2344 920 2377 fides
944 2346 1004 2376 etc.

185 2413 236 2454 15,
261 2412 328 2447 292
355 2410 532 2445 Theodosii
557 2409 729 2443 morientis
755 2420 850 2442 curas
876 2410 1014 2442 tractat:
