2311 2803
1031 104 1260 137 —14—

566 208 639 241 Hoc
663 218 726 250 ego
751 206 891 240 concilio
915 206 1093 240 collectum
1118 206 1238 239 metior
1262 204 1400 242 orbem;

612 262 684 295 Hoc
709 262 804 295 video
828 264 935 301 coetu,
960 260 1122 304 quidquid
1148 259 1272 304 ubique
1296 258 1407 292 micat.

297 321 413 364 Neque
435 330 512 351 vero
537 319 678 351 honores
702 317 816 349 inanes
841 327 993 358 vanaque
1018 315 1154 347 nomina
1177 315 1249 347 sola
1273 315 1462 357 principum
1488 314 1600 358 gratia
1625 317 1725 356 poeta
1744 316 1796 347 est
1821 315 1950 353 nactus,
1975 313 2032 346 sed
2048 312 2115 346 alia

183 389 296 412 eorum
321 387 421 420 opera
445 377 495 408 est
518 374 723 412 consecutus,
750 374 787 405 ut
811 370 971 410 Serenae,
997 369 1190 404 Stilichonis
1215 369 1345 410 uxoris,
1386 369 1513 403 auxilio
1537 380 1696 413 sponsam
1721 370 1873 413 optatam
1900 368 2113 413 Aegyptiam,

181 434 322 466 fortasse
347 429 617 464 Alexandrinam.
667 426 722 460 Illi
754 427 843 460 enim
867 427 994 470 gratias
1020 426 1093 470 agit
1117 425 1259 469 epistola
1293 426 1335 458 ad
1359 424 1521 458 Serenam
1546 425 1671 469 scripta
1699 425 1755 470 (ex
1780 425 1953 470 Aegypto)
1977 436 2029 458 au.
2055 426 2115 458 aut

181 487 258 522 402.
285 488 343 519 aut
365 485 454 525 403„
479 495 545 528 qua
569 494 641 516 eam
666 482 708 515 ad
732 484 824 515 astra
848 482 940 515 tollit
963 484 997 514 et
1020 492 1096 514 cum
1122 481 1256 514 Junone
1280 482 1451 523 comparat
1475 481 1530 519 40,
1556 480 1621 514 33:

562 537 658 577 Quod
682 536 837 570 Threicio
861 532 1151 580 Juuo”placabilis
1176 535 1313 580 Orphei,

610 592 683 627 Hoc
708 592 833 637 poteris
858 592 944 626 votis
970 602 1052 633 esse,
1077 591 1211 632 Serena,
1239 592 1330 626 meis.

564 649 661 682 Illius
686 652 860 692 expectent
886 648 1087 681 famulantia
1111 648 1220 681 sidera
1245 651 1374 681 nutum.

611 703 680 738 Sub
706 702 846 748 pedibus
871 702 999 747 regitur
1024 705 1115 736 terra
1141 702 1332 747 fretumque
1355 702 1433 736 tuis.

566 760 643 794 Non
669 772 743 804 ego,
768 772 843 793 cum
868 762 1013 803 peterem
1039 760 1167 793 solenni
1194 770 1285 792 more
1309 770 1496 803 procorum.

614 815 757 849 Promisi
782 814 942 860 gregibus
967 825 1089 858 pascua
1112 814 1212 858 plena
1235 814 1328 854 meis,

566 870 638 904 Nec
663 870 752 913 quod
776 869 868 902 mille
892 869 974 901 mihi
999 869 1127 902 lateant
1151 869 1213 901 sub
1238 869 1377 912 palmite
1401 868 1512 908 colles,

614 925 639 959 F
642 925 771 959 luctuet
795 927 828 958 et
853 925 971 968 glauca
996 924 1130 969 pinguis
1154 924 1244 957 oliva
1268 936 1373 963 coma,

568 981 640 1014 Nec
664 981 754 1024 quod
779 983 894 1013 nostra
918 980 1015 1013 Ceres
1040 992 1216 1013 numerosa
1241 980 1327 1013 falce
1352 980 1482 1013 laboret

616 1035 833 1079 Aurataeque
857 1034 969 1068 ferant
993 1034 1139 1068 culmina
1162 1034 1250 1068 celsa
1274 1033 1396 1068 trabes.

569 1090 711 1124 Suffecit
734 1090 909 1123 mandasse
933 1090 1038 1123 deam.
1080 1089 1152 1123 Tua
1177 1089 1290 1123 littera
1315 1090 1410 1123 nobis

615 1145 661 1178 Et
685 1157 786 1189 pecus
810 1147 844 1178 et
868 1147 997 1188 segetes
1022 1148 1055 1177 et
1079 1145 1196 1178 domus
1220 1145 1331 1189 ampla
1356 1145 1430 1178 fuit.

569 1200 706 1234 Inflexit
730 1211 871 1239 soceros,
897 1202 930 1232 et
954 1200 1129 1233 maiestate
1153 1200 1286 1243 petendi

617 1255 716 1290 Texit
740 1256 932 1300 pauperiem
958 1255 1102 1289 nominis
1127 1255 1246 1289 umbra
1270 1255 1330 1290 tui.
1385 1267 1387 1269 ·

298 1311 446 1355 Nuptias
469 1323 536 1345 non
561 1312 687 1345 Romae
712 1322 818 1354 neque
844 1311 876 1343 in
902 1310 1002 1343 Italia
1027 1311 1211 1344 celebratas
1238 1323 1309 1344 esse
1334 1323 1374 1345 ex
1399 1312 1454 1350 40,
1480 1312 1524 1344 49
1549 1313 1703 1354 apparet:

571 1367 685 1410 Atque
709 1366 839 1399 utinam
865 1365 926 1398 sub
952 1365 1023 1399 luce
1047 1366 1097 1399 tui
1122 1365 1333 1411 contingeret
1357 1365 1424 1400 oris

617 1421 779 1464 Coniugis
804 1424 838 1454 et
861 1421 979 1454 castris
1004 1424 1037 1454 et
1061 1421 1145 1454 solio
1170 1422 1283 1466 generi

572 1476 735 1520 Optatum
760 1475 928 1509 celebrare
953 1475 1058 1509 diem!
1086 1475 1140 1509 Me
1164 1477 1317 1520 iungeret
1344 1487 1469 1519 auspex

618 1530 782 1574 Purpura,
809 1542 862 1563 me
886 1532 1002 1563 sancto
1028 1531 1178 1574 cingeret
1202 1531 1279 1563 aula
1303 1530 1422 1564 choro!

573 1585 629 1624 Et,
656 1585 739 1617 mihi
767 1597 867 1628 quam
892 1585 1025 1628 scriptis
1051 1586 1271 1628 desponderat
1296 1588 1383 1625 ante,
1408 1585 1552 1628 puellam

620 1639 795 1683 Coniugiis
820 1639 934 1673 eadem
960 1639 1112 1683 pronuba
1136 1639 1252 1674 dextra
1276 1640 1387 1674 daret!

573 1694 672 1727 Nunc
697 1695 842 1727 medium
868 1695 1025 1737 quoniam
1050 1695 1135 1727 votis
1160 1696 1342 1728 maioribus
1366 1707 1489 1738 aequor

623 1748 754 1783 Invidet
779 1752 812 1783 et
836 1749 980 1793 Libycae
1004 1749 1142 1783 dissidet
1165 1761 1223 1783 ora
1247 1750 1377 1794 plagae,

574 1804 701 1836 Saltem
726 1804 854 1843 absens,
881 1805 1008 1847 regina,
1033 1804 1108 1836 fave
1132 1805 1321 1848 reditusque
1346 1806 1505 1838 secundos

621 1861 742 1892 Annue
767 1858 894 1892 sidereo
918 1858 1007 1892 laeta
1032 1859 1216 1903 supercilio.

574 1913 753 1946 Terrarum
780 1917 818 1946 tu
842 1914 949 1957 pande
974 1915 1063 1953 vias;
1090 1918 1126 1947 tu
1150 1915 1286 1948 mitibus
1311 1918 1398 1948 euris

620 1969 778 2014 Aequora
801 1970 912 2013 pacari
937 1971 1147 2014 prosperiora
1171 1970 1268 2004 iube!

297 2026 410 2059 Verba
437 2025 600 2069 „Libycae
625 2025 765 2069 plagae“
792 2025 943 2058 Africam
969 2028 1003 2058 et
1043 2026 1200 2066 „mitibus
1224 2027 1332 2059 euris“
1371 2030 1404 2060 et
1430 2027 1594 2066 „medium
1634 2031 1778 2071 aequor⁴⁴
1805 2039 1898 2062 mare
1922 2028 2116 2062 mediterra-

186 2093 287 2115 neum
311 2081 485 2124 perspicue
509 2081 665 2124 pingunt.

303 2135 443 2176 Quando
467 2137 605 2180 nuptiae
636 2136 704 2169 sint
736 2139 829 2169 actae
862 2136 1060 2179 quandoque
1084 2136 1118 2168 in
1144 2135 1278 2169 Italiam
1304 2137 1458 2178 redierit,
1483 2138 1545 2171 etsi
1570 2138 1667 2172 claris
1695 2139 1806 2173 verbis
1839 2151 1906 2173 non
1930 2141 2117 2180 enarratur,

185 2194 298 2225 tamen
332 2204 350 2225 e
382 2203 484 2225 carm.
515 2192 571 2224 25.
596 2193 630 2224 et
654 2192 708 2225 26.
740 2191 921 2234 colligitur.
970 2190 1060 2224 Nam
1090 2194 1221 2234 poetam
1246 2194 1279 2224 et
1306 2191 1451 2235 plurium
1477 2204 1640 2227 annorum
1668 2195 1774 2228 otium
1799 2195 1928 2239 degisse
1951 2197 1985 2229 et
2010 2194 2118 2228 Roma

185 2247 310 2281 afuisse
334 2249 369 2280 et
392 2258 447 2280 an.
466 2246 545 2280 403.
573 2245 699 2279 Romae
723 2246 831 2279 denuo
855 2249 1095 2279 commoratum
1120 2257 1190 2279 esse
1215 2249 1247 2279 et
1272 2247 1371 2290 paulo
1388 2249 1467 2281 ante
1491 2248 1613 2282 redisse
1639 2249 1782 2284 dilucide
1808 2250 1943 2284 nuntiat
1958 2250 2015 2292 26,
2028 2250 2117 2284 450:

574 2301 651 2345 Ipso
677 2300 785 2334 Roma
809 2301 869 2341 die,
896 2312 955 2334 nec
980 2301 1088 2333 adhuc
1113 2301 1300 2335 ostenditur
1324 2305 1448 2343 auctor,

575 2356 753 2391 Personuit
777 2357 905 2390 venisse
930 2356 1046 2390 ducem
1071 2356 1234 2401 laetisque
1258 2357 1404 2398 Quirites

573 2412 722 2445 Vocibus
746 2412 930 2455 auspicium
956 2413 1038 2444 certi
1063 2412 1214 2455 plausere
1239 2413 1411 2456 triumphi,

574 2467 699 2502 Muniti
724 2467 909 2502 Stilichone
933 2475 1003 2501 suo.
1046 2466 1127 2508 Quis
1151 2468 1276 2512 gaudia
1300 2480 1377 2503 vero

573 2524 749 2568 Principis,
777 2524 949 2567 amplexus
974 2523 1093 2557 alacris
1117 2525 1192 2568 quis
1217 2524 1358 2557 disserat
1382 2525 1477 2558 aulae
1491 2528 1506 2559 P
